Financial_ID,Location_ID,Location_Name,Date,Year,Month,Period,Total_Revenue,Revenue_Diagnostic,Revenue_Preventive,Revenue_Restorative,Revenue_Endodontic,Revenue_Periodontic,Revenue_Prosthodontic,Revenue_Oral_Surgery,Revenue_Orthodontic,Revenue_Implant,Revenue_Adjunctive,Total_Expenses,Labor_Clinical,Labor_Administrative,Supplies_Clinical,Supplies_Office,Rent_Lease,Utilities,Equipment_Costs,Marketing,Insurance,Professional_Fees,Continuing_Education,Lab_Fees,Software_IT,Travel,Miscellaneous,EBITDA,EBITDA_Margin,Labor_Cost_Percentage,Supply_Cost_Percentage,Total_AR,AR_Current,AR_31_60,AR_61_90,AR_91_Plus,DSO,Total_Claims_Submitted,Claims_Outstanding,Claims_Denied,Avg_Days_To_Payment,Collections_Expected,Collections_Actual,Collection_Rate,Total_Procedures,Completed_Procedures,Cancelled_Procedures,Total_Patient_Visits,New_Patients,Returning_Patients,Patient_Retention_Rate,Revenue_Per_Patient,Chair_Capacity,Total_Chair_Hours,Used_Chair_Hours,Chair_Utilization,Payor_Delta_Dental,Payor_Cigna_Dental,Payor_Aetna,Payor_MetLife,Payor_Guardian,Payor_United_Healthcare,Payor_Self_Pay,Treatment_Plans_Presented,Treatment_Plans_Accepted,Treatment_Plans_Completed,Case_Acceptance_Rate,Treatment_Completion_Rate,Revenue_Per_Square_Foot,Marketing_ROI,Operating_Cash_Flow,Revenue_MoM_Change,Revenue_YoY_Change,EBITDA_MoM_Change,EBITDA_YoY_Change
"FIN-LOC001-202001","LOC001","Downtown Dental","2020-01-01",2020,1,"2020-01",8426,2809,0,2247,2247,0,562,0,0,0,562,167352,113162,37721,590,169,12928,169,253,590,253,253,84,758,169,84,169,-158926,"-18.8614","17.9068","0.0901",10954,6572,2739,1095,657,"39.0",45,14,1,37,7583,6842,"0.8120",22,15,7,12,0,12,"0.7800","702.17",5,880,537,"0.6104",0,1123,2247,0,2809,0,2247,6,4,3,"0.6667","0.7500","2.63","2.14",-160510,0,0,0,0
"FIN-LOC001-202002","LOC001","Downtown Dental","2020-02-01",2020,2,"2020-02",3162,1302,1116,558,0,0,0,0,0,186,0,154515,105505,35168,221,63,12544,95,95,190,95,63,32,285,32,32,95,-151353,"-47.8662","44.4886","0.0898",4743,2751,996,522,332,"45.0",17,6,1,30,2846,2391,"0.7563",18,17,1,13,0,13,"0.8900","243.23",5,880,545,"0.6192",372,930,930,0,558,0,372,6,5,4,"0.8333","0.8000","0.99","2.50",-152124,"-0.6247",0,"-0.0477",0
"FIN-LOC001-202003","LOC001","Downtown Dental","2020-03-01",2020,3,"2020-03",28607,5108,3065,6130,4087,0,2043,0,1022,5108,2043,181658,117729,39243,2289,572,12672,858,1430,1144,572,1144,286,2575,572,286,286,-153051,"-5.3501","5.4872","0.1000",41003,25832,10251,4920,2050,"43.0",153,52,8,25,25746,21180,"0.7404",32,28,4,26,0,26,"0.8200","1100.27",5,880,481,"0.5465",3065,1022,11238,2043,2043,0,9195,11,7,5,"0.6364","0.7143","8.94","3.75",-160478,"8.0471",0,"0.0112",0
"FIN-LOC001-202004","LOC001","Downtown Dental","2020-04-01",2020,4,"2020-04",19750,8641,2469,2469,617,1852,1234,0,1234,617,617,177215,117925,39308,1185,395,12672,198,790,1185,395,395,198,1383,395,198,593,-157465,"-7.9729","7.9612","0.0800",28308,17268,6511,3114,1415,"43.0",105,38,3,25,17775,13308,"0.6738",40,32,8,29,0,29,"0.7900","681.03",5,880,324,"0.3685",2469,3086,1852,3086,2469,0,6789,14,9,8,"0.6429","0.8889","6.17","2.50",-163907,"-0.3096",0,"0.0288",0
"FIN-LOC001-202005","LOC001","Downtown Dental","2020-05-01",2020,5,"2020-05",9817,2182,0,3272,1091,1091,0,0,1091,1091,0,164079,110588,36863,687,196,12800,98,393,589,196,295,98,785,98,98,295,-154262,"-15.7138","15.0200","0.0899",10471,6283,2513,1047,1047,"32.0",52,20,1,27,8835,7810,"0.7956",13,9,4,8,0,8,"0.8900","1227.13",5,880,546,"0.6200",2182,2182,0,1091,1091,0,3272,3,2,2,"0.6667","1.0000","3.07","2.50",-156269,"-0.5029",0,"-0.0203",0
"FIN-LOC001-202006","LOC001","Downtown Dental","2020-06-01",2020,6,"2020-06",12994,4331,1083,4331,541,541,0,0,0,2166,0,174533,117596,39199,780,260,12928,260,520,390,260,520,130,1040,390,130,130,-161539,"-12.4318","12.0667","0.0800",16026,8975,3686,1442,1442,"37.0",69,23,2,31,11695,10045,"0.7731",25,24,1,18,0,18,"0.8100","721.89",5,880,521,"0.5923",3790,1624,2166,1083,1083,0,3249,7,6,5,"0.8571","0.8333","4.06","5.00",-164488,"0.3236",0,"0.0472",0
"FIN-LOC001-202007","LOC001","Downtown Dental","2020-07-01",2020,7,"2020-07",28824,9224,3459,3459,3459,0,3459,0,3459,1153,1153,184679,120455,40152,2306,576,12544,288,1441,1153,865,1153,288,2306,288,288,576,-155855,"-5.4071","5.5720","0.1000",32667,19927,7840,3267,1633,"34.0",154,54,6,32,25942,20454,"0.7096",27,25,2,22,0,22,"0.8600","1310.18",5,880,461,"0.5242",5765,0,1153,9224,5765,0,6918,9,5,4,"0.5556","0.8000","9.01","3.75",-164225,"1.2183",0,"-0.0352",0
"FIN-LOC001-202008","LOC001","Downtown Dental","2020-08-01",2020,8,"2020-08",16936,5645,2258,5081,2258,0,0,0,565,565,565,171964,114866,38289,1355,169,12544,339,677,677,508,339,169,1016,339,169,508,-155028,"-9.1538","9.0432","0.0900",24839,14903,5216,2236,2236,"44.0",90,34,3,28,15242,11946,"0.7054",33,30,3,28,0,28,"0.8400","604.86",5,880,354,"0.4023",4516,1129,2823,1129,3387,0,3952,10,8,7,"0.8000","0.8750","5.29","3.75",-160018,"-0.4124",0,"-0.0053",0
"FIN-LOC001-202009","LOC001","Downtown Dental","2020-09-01",2020,9,"2020-09",25646,6839,855,5129,855,1710,4274,0,855,4274,855,174167,113237,37746,1795,513,12928,256,769,1539,1026,769,256,2052,769,256,256,-148521,"-5.7912","5.8872","0.0900",29065,18020,6394,3488,2325,"34.0",137,49,4,40,23081,19983,"0.7792",31,30,1,25,0,25,"0.7800","1025.84",5,880,455,"0.5176",1710,855,2565,8549,2565,0,9404,9,7,6,"0.7778","0.8571","8.01","2.50",-154184,"0.5143",0,"-0.0420",0
"FIN-LOC001-202010","LOC001","Downtown Dental","2020-10-01",2020,10,"2020-10",14893,3723,2979,2234,1489,0,2234,0,0,2234,0,180498,121543,40514,745,298,12928,298,745,745,596,298,149,894,298,149,298,-165605,"-11.1197","10.8814","0.0700",16879,9283,4220,1350,1182,"34.0",79,27,2,25,13404,11512,"0.7730",24,20,4,20,0,20,"0.8200","744.65",5,880,501,"0.5693",2234,0,0,4468,2234,0,5957,8,5,4,"0.6250","0.8000","4.65","3.00",-168986,"-0.4193",0,"0.1150",0
"FIN-LOC001-202011","LOC001","Downtown Dental","2020-11-01",2020,11,"2020-11",25670,6697,5580,1116,0,1116,5580,0,2232,3348,0,162084,104549,34850,1797,257,12672,513,1284,1540,770,1027,257,1797,257,257,257,-136414,"-5.3141","5.4304","0.0800",32515,20159,7478,3577,2926,"38.0",137,49,4,34,23103,18840,"0.7339",30,23,7,15,0,15,"0.7700","1711.33",5,880,523,"0.5948",2232,2232,3348,8929,2232,0,6697,7,5,4,"0.7143","0.8000","8.02","2.50",-143244,"0.7236",0,"-0.1763",0
"FIN-LOC001-202012","LOC001","Downtown Dental","2020-12-01",2020,12,"2020-12",34025,14177,2835,7561,945,945,945,0,4726,0,1890,181009,117576,39192,2042,340,12672,340,1361,1021,681,1021,340,3062,340,340,681,-146984,"-4.3199","4.6074","0.0700",41964,26437,10071,3357,2518,"37.0",181,65,9,35,30623,22299,"0.6554",36,36,0,33,0,33,"0.8800","1031.06",5,880,413,"0.4692",5671,1890,6616,7561,3781,0,8506,13,8,6,"0.6154","0.7500","10.63","5.00",-158710,"0.3255",0,"0.0775",0
"FIN-LOC001-202101","LOC001","Downtown Dental","2021-01-01",2021,1,"2021-01",34909,10105,4593,3675,2756,1837,2756,0,2756,4593,1837,168213,105661,35220,2095,698,12672,1047,1396,1745,698,1396,349,3491,698,349,698,-133304,"-3.8186","4.0357","0.0800",45382,29044,9984,4084,4538,"39.0",186,63,6,39,31418,26356,"0.7550",38,38,0,26,0,26,"0.7800","1342.65",5,880,381,"0.4333",5512,4593,3675,1837,3675,0,15617,10,7,6,"0.7000","0.8571","10.91","3.00",-141857,"0.0260","3.1430","-0.0931","-0.1612"
"FIN-LOC001-202102","LOC001","Downtown Dental","2021-02-01",2021,2,"2021-02",21688,6971,3098,5422,0,0,2324,0,775,3098,0,158520,102974,34325,1518,217,12544,217,868,1301,434,868,217,1735,651,217,434,-136832,"-6.3091","6.3306","0.0800",22411,13447,5155,2465,2241,"31.0",116,38,6,29,19519,15182,"0.7000",37,28,9,23,0,23,"0.8700","942.96",5,880,435,"0.4948",1549,3873,0,8520,1549,0,6197,10,8,6,"0.8000","0.7500","6.78","2.50",-143338,"-0.3787","5.8590","0.0265","-0.0959"
"FIN-LOC001-202103","LOC001","Downtown Dental","2021-03-01",2021,3,"2021-03",19612,5491,5491,1569,0,1569,2353,0,784,2353,0,184559,122009,40670,1569,392,13056,196,981,1373,784,784,196,1765,196,196,392,-164947,"-8.4105","8.2949","0.1000",29418,17062,6178,3236,2059,"45.0",105,41,3,32,17651,14150,"0.7215",25,25,0,23,0,23,"0.8300","852.70",5,880,481,"0.5463",3922,4707,0,5491,784,0,4707,10,6,5,"0.6000","0.8333","6.13","2.14",-170409,"-0.0957","-0.3144","0.2055","0.0777"
"FIN-LOC001-202104","LOC001","Downtown Dental","2021-04-01",2021,4,"2021-04",4231,1244,996,1244,0,249,0,0,0,249,249,170864,117342,39114,254,42,12800,42,212,254,127,85,42,338,85,42,85,-166633,"-39.3838","36.9785","0.0700",5218,3340,1044,470,313,"37.0",23,9,1,25,3808,3295,"0.7788",27,17,10,14,0,14,"0.7800","302.21",5,880,545,"0.6192",498,996,996,498,249,0,996,6,4,3,"0.6667","0.7500","1.32","2.50",-167569,"-0.7843","-0.7858","0.0102","0.0582"
"FIN-LOC001-202105","LOC001","Downtown Dental","2021-05-01",2021,5,"2021-05",21316,4663,5329,5329,666,0,666,0,666,2665,1332,168044,110168,36723,1066,426,13056,639,639,639,639,639,213,2132,426,213,426,-146728,"-6.8835","6.8911","0.0700",29132,18936,6992,2913,2331,"41.0",114,36,3,30,19184,13753,"0.6452",39,32,7,29,0,29,"0.8600","735.03",5,880,454,"0.5156",1998,1998,1998,7994,3997,0,3331,13,8,6,"0.6154","0.7500","6.66","5.00",-154291,"4.0381","1.1713","-0.1195","-0.0488"
"FIN-LOC001-202106","LOC001","Downtown Dental","2021-06-01",2021,6,"2021-06",23139,6698,4262,6698,1218,609,2436,0,609,609,0,180380,118319,39440,1388,231,12672,463,1157,1620,463,926,231,2314,694,231,231,-157241,"-6.7955","6.8179","0.0700",26224,15997,6032,2360,2622,"34.0",123,44,4,28,20825,14960,"0.6465",38,38,0,35,0,35,"0.8800","661.11",5,880,399,"0.4535",7307,2436,6089,3654,0,0,3654,13,9,6,"0.6923","0.6667","7.23","2.14",-165420,"0.0855","0.7807","0.0716","-0.0266"
"FIN-LOC001-202107","LOC001","Downtown Dental","2021-07-01",2021,7,"2021-07",50350,14758,6945,11285,4341,1736,5209,0,3472,1736,868,194399,119485,39828,3525,504,12928,1511,2014,3021,2014,2014,504,3525,1511,504,1511,-144049,"-2.8610","3.1641","0.0800",55385,32677,13292,4985,3323,"33.0",269,105,11,40,45315,32541,"0.6463",66,58,8,47,0,47,"0.7700","1071.28",5,880,291,"0.3311",9549,868,4341,5209,6077,0,24307,19,12,9,"0.6316","0.7500","15.73","2.50",-161858,"1.1760","0.7468","-0.0839","-0.0757"
"FIN-LOC001-202108","LOC001","Downtown Dental","2021-08-01",2021,8,"2021-08",20118,7788,4543,1298,1947,649,1298,0,649,1947,0,176853,116909,38970,1207,201,12928,402,805,1207,805,402,201,1811,402,201,402,-156735,"-7.7908","7.7482","0.0700",25483,14016,5861,2293,1784,"38.0",107,35,5,40,18106,14013,"0.6965",35,31,4,26,0,26,"0.8400","773.77",5,880,465,"0.5285",3245,4543,1947,3245,1947,0,5192,13,9,6,"0.6923","0.6667","6.29","2.50",-162840,"-0.6004","0.1879","0.0881","0.0110"
"FIN-LOC001-202109","LOC001","Downtown Dental","2021-09-01",2021,9,"2021-09",35741,9293,5719,7863,3574,715,4289,0,715,2859,715,176845,111432,37144,2502,715,12544,357,1787,2502,1430,1072,357,3217,357,357,1072,-141104,"-3.9480","4.1570","0.0900",35741,22874,8220,2859,1787,"30.0",191,76,6,37,32167,22717,"0.6356",52,50,2,45,0,45,"0.8900","794.24",5,880,361,"0.4104",5719,5719,5719,1430,2859,0,14296,20,15,13,"0.7500","0.8667","11.17","2.14",-154128,"0.7766","0.3936","-0.0997","-0.0499"
"FIN-LOC001-202110","LOC001","Downtown Dental","2021-10-01",2021,10,"2021-10",24924,6923,4846,4846,2769,0,3462,0,692,692,692,174699,114696,38232,1495,249,12800,498,748,1246,748,748,249,1745,498,249,498,-149775,"-6.0093","6.1358","0.0700",24924,15702,5733,2742,1994,"30.0",133,48,4,28,22432,14283,"0.5731",45,36,9,36,0,36,"0.8800","692.33",5,880,340,"0.3869",2077,5539,6231,3462,1385,0,6231,17,10,9,"0.5882","0.9000","7.79","3.00",-160416,"-0.3026","0.6735","0.0615","-0.0956"
"FIN-LOC001-202111","LOC001","Downtown Dental","2021-11-01",2021,11,"2021-11",48356,10746,7522,6447,9671,1075,5373,0,4298,1075,2149,176948,108069,36023,3385,967,12544,484,1934,2418,1451,1934,484,4836,1451,484,484,-128592,"-2.6593","2.9798","0.0900",59639,36380,12524,6560,3578,"37.0",258,93,13,34,43520,30364,"0.6279",52,45,7,39,0,39,"0.7600","1239.90",5,880,366,"0.4163",6447,3224,8597,7522,4298,0,18268,14,9,7,"0.6429","0.7778","15.11","3.00",-146584,"0.9401","0.8838","-0.1414","-0.0573"
"FIN-LOC001-202112","LOC001","Downtown Dental","2021-12-01",2021,12,"2021-12",34094,10332,3099,8265,2066,1033,4133,0,3099,2066,0,185934,118790,39597,2046,682,12544,1023,1364,2046,1364,1023,341,3068,682,341,1023,-151840,"-4.4536","4.6456","0.0800",50005,28003,11501,4500,3000,"44.0",182,66,5,32,30685,23105,"0.6777",43,33,10,28,0,28,"0.8700","1217.64",5,880,418,"0.4754",2066,2066,3099,8265,4133,0,14464,12,8,7,"0.6667","0.8750","10.65","2.50",-162829,"-0.2949","0.0020","0.1808","0.0330"
"FIN-LOC001-202201","LOC001","Downtown Dental","2022-01-01",2022,1,"2022-01",22870,8072,4933,3587,1345,448,1794,0,0,1345,1345,165031,107579,35860,1372,229,12672,457,1144,915,915,686,229,2058,229,229,457,-142161,"-6.2160","6.2719","0.0700",30493,16771,7318,3659,2744,"40.0",122,45,2,36,20583,14437,"0.6313",54,51,3,31,0,31,"0.8200","737.74",5,880,365,"0.4146",4933,2242,2242,4484,3139,0,5830,13,9,7,"0.6923","0.7778","7.15","3.75",-150594,"-0.3292","-0.3449","-0.0637","0.0664"
"FIN-LOC001-202202","LOC001","Downtown Dental","2022-02-01",2022,2,"2022-02",43982,12566,7181,5386,4488,0,7181,0,898,5386,898,167662,103706,34569,2639,880,12672,880,1319,2639,880,880,440,3519,1319,440,880,-123680,"-2.8121","3.1439","0.0800",46914,26741,10790,3753,3753,"32.0",235,94,7,30,39584,30673,"0.6974",52,49,3,48,0,48,"0.8000","916.29",5,880,271,"0.3083",898,3590,0,15259,3590,0,20645,15,12,10,"0.8000","0.8333","13.74","2.50",-136989,"0.9231","1.0279","-0.1300","-0.0961"
"FIN-LOC001-202203","LOC001","Downtown Dental","2022-03-01",2022,3,"2022-03",25188,8396,3673,5248,525,1050,2099,0,0,3673,525,185788,121712,40571,1763,504,12672,504,1008,1763,1008,504,252,2267,504,252,504,-160600,"-6.3761","6.4429","0.0900",26867,15046,6717,2687,1612,"32.0",134,43,4,26,22669,16186,"0.6426",50,48,2,39,0,39,"0.8600","645.85",5,880,381,"0.4330",7871,1574,2099,5248,0,0,8396,17,12,11,"0.7059","0.9167","7.87","2.14",-169602,"-0.4273","0.2843","0.2985","-0.0264"
"FIN-LOC001-202204","LOC001","Downtown Dental","2022-04-01",2022,4,"2022-04",25930,7172,4965,6620,3862,552,1103,0,552,552,552,176144,115217,38406,1556,519,12928,778,1037,1037,778,1037,259,1815,259,259,259,-150214,"-5.7931","5.9245","0.0800",26794,17148,5359,3215,1608,"31.0",138,41,6,32,23337,15079,"0.5815",51,47,4,42,0,42,"0.7900","617.38",5,880,256,"0.2908",2207,7172,3310,2759,2207,0,8276,16,12,10,"0.7500","0.8333","8.10","3.75",-161065,"0.0295","5.1286","-0.0647","-0.0985"
"FIN-LOC001-202205","LOC001","Downtown Dental","2022-05-01",2022,5,"2022-05",34246,7705,7705,5993,3425,0,5993,0,1712,1712,0,177845,113511,37837,2740,685,12800,685,1027,2397,1027,685,342,2740,685,342,342,-143599,"-4.1932","4.4194","0.1000",36529,21917,8402,3288,2922,"32.0",183,64,7,29,30821,21205,"0.6192",58,40,18,31,0,31,"0.7800","1104.71",5,880,396,"0.4504",3425,5137,8562,3425,5137,0,8562,15,11,9,"0.7333","0.8182","10.70","2.14",-156640,"0.3207","0.6066","-0.0440","-0.0213"
"FIN-LOC001-202206","LOC001","Downtown Dental","2022-06-01",2022,6,"2022-06",20770,7728,5796,2898,1449,1449,0,0,966,483,0,176866,116914,38971,1454,208,12672,208,831,1039,831,623,208,1869,415,208,415,-156096,"-7.5155","7.5053","0.0800",22847,12794,5026,2285,2285,"33.0",111,43,3,37,18693,12750,"0.6138",49,43,6,40,0,40,"0.8600","519.25",5,880,330,"0.3746",1449,5796,1932,4347,1932,0,5313,13,8,6,"0.6154","0.7500","6.49","3.00",-164116,"-0.3935","-0.1024","0.0870","-0.0073"
"FIN-LOC001-202207","LOC001","Downtown Dental","2022-07-01",2022,7,"2022-07",33591,9597,6855,4799,2742,1371,3428,0,1371,2057,1371,172275,110380,36793,2015,336,12672,1008,1680,1008,1008,1344,336,2351,336,336,672,-138684,"-4.1286","4.3813","0.0700",50387,32248,11085,6046,5039,"45.0",179,64,7,28,30232,24965,"0.7432",54,49,5,45,0,45,"0.8100","746.47",5,880,358,"0.4068",2057,4799,2057,4799,2742,0,17138,19,12,10,"0.6316","0.8333","10.50","5.00",-147310,"0.6173","-0.3329","-0.1115","-0.0372"
"FIN-LOC001-202208","LOC001","Downtown Dental","2022-08-01",2022,8,"2022-08",39991,9472,6314,5262,5262,2105,6314,0,3157,2105,0,192258,122391,40797,2799,800,12672,1200,1600,2000,1600,1200,400,2799,800,400,800,-152267,"-3.8075","4.0806","0.0900",53321,31993,12797,4799,4799,"40.0",213,66,11,36,35992,23284,"0.5822",49,38,11,35,0,35,"0.8800","1142.60",5,880,336,"0.3822",1052,3157,5262,1052,15786,0,13681,11,7,6,"0.6364","0.8571","12.50","3.00",-168974,"0.1905","0.9878","0.0979","-0.0285"
"FIN-LOC001-202209","LOC001","Downtown Dental","2022-09-01",2022,9,"2022-09",58512,13884,11901,11901,1983,0,6942,0,5950,2975,2975,185730,112392,37464,4096,1170,13056,585,1755,2926,1755,1755,585,5266,585,585,1755,-127218,"-2.1742","2.5611","0.0900",66314,37136,13926,7295,3316,"34.0",312,106,16,34,52661,32275,"0.5516",78,59,19,49,0,49,"0.8800","1194.12",5,880,271,"0.3084",8926,5950,16859,6942,3967,0,15868,18,14,10,"0.7778","0.7143","18.29","3.00",-153455,"0.4631","0.6371","-0.1645","-0.0984"
"FIN-LOC001-202210","LOC001","Downtown Dental","2022-10-01",2022,10,"2022-10",22041,7085,6297,4723,1968,0,394,0,0,1181,394,173298,115016,38339,1322,220,12672,220,661,1102,441,661,220,1322,441,220,441,-151257,"-6.8625","6.9577","0.0700",29388,16751,6465,2939,1763,"40.0",118,46,5,36,19837,14539,"0.6596",64,56,8,44,0,44,"0.8500","500.93",5,880,377,"0.4288",1181,3936,1968,5510,3542,0,5904,16,12,9,"0.7500","0.7500","6.89","3.00",-158759,"-0.6233","-0.1157","0.1890","0.0099"
"FIN-LOC001-202211","LOC001","Downtown Dental","2022-11-01",2022,11,"2022-11",28803,8961,6401,5761,1920,640,1280,0,1280,1920,640,168541,108574,36191,2016,288,12544,576,1440,1152,864,864,288,2304,576,288,576,-139738,"-4.8515","5.0260","0.0800",38404,24579,9601,3840,3072,"40.0",154,46,6,34,25923,20582,"0.7146",48,45,3,39,0,39,"0.8200","738.54",5,880,425,"0.4829",4480,2560,3840,1920,3840,0,12161,13,8,6,"0.6154","0.7500","9.00","3.75",-147959,"0.3068","-0.4044","-0.0762","0.0867"
"FIN-LOC001-202212","LOC001","Downtown Dental","2022-12-01",2022,12,"2022-12",53956,16350,7358,9810,0,818,6540,0,3270,4905,4905,193743,119424,39808,3777,540,12928,1079,2158,3237,1619,1619,540,4316,1079,540,1079,-139787,"-2.5908","2.9511","0.0800",70143,40683,16834,7014,3507,"39.0",288,107,6,30,48560,31095,"0.5763",73,66,7,56,0,56,"0.8800","963.50",5,880,346,"0.3933",8993,8993,1635,16350,4088,0,13898,21,17,14,"0.8095","0.8235","16.86","2.50",-162648,"0.8733","0.5826","0.0004","-0.0794"
"FIN-LOC001-202301","LOC001","Downtown Dental","2023-01-01",2023,1,"2023-01",39786,13262,4421,12525,737,737,2947,0,1474,2210,1474,178679,112568,37523,2387,796,12672,1194,1989,1989,1194,1194,398,2785,796,398,796,-138893,"-3.4910","3.7725","0.0800",46417,25994,10676,4178,4178,"35.0",212,78,6,29,35807,21882,"0.5500",63,54,9,44,0,44,"0.8200","904.23",5,880,306,"0.3472",5894,6631,8105,5894,2947,0,10315,17,12,10,"0.7059","0.8333","12.43","3.00",-156797,"-0.2626","0.7397","-0.0064","-0.0230"
"FIN-LOC001-202302","LOC001","Downtown Dental","2023-02-01",2023,2,"2023-02",40140,12845,8028,6422,3211,2408,1606,0,3211,1606,803,163241,101898,33966,3211,401,12928,803,1204,1204,1204,803,401,3211,803,401,803,-123101,"-3.0668","3.3848","0.0900",56196,35965,12925,5058,2810,"42.0",214,66,9,26,36126,22304,"0.5557",57,50,7,38,0,38,"0.8400","1056.32",5,880,297,"0.3378",10436,3211,5620,1606,2408,0,16859,17,13,10,"0.7647","0.7692","12.54","5.00",-140937,"0.0089","-0.0874","-0.1137","-0.0047"
"FIN-LOC001-202303","LOC001","Downtown Dental","2023-03-01",2023,3,"2023-03",39543,11863,7909,4943,1977,2966,4943,0,3954,989,0,192755,123008,41003,2768,395,12928,1186,1582,1582,1582,1186,395,2768,1186,395,791,-153212,"-3.8746","4.1477","0.0800",59315,33216,13642,6525,4745,"45.0",211,82,4,31,35589,27182,"0.6874",48,40,8,36,0,36,"0.7600","1098.42",5,880,411,"0.4670",6920,8897,5931,7909,989,0,8897,14,9,7,"0.6429","0.7778","12.36","3.75",-165573,"-0.0149","0.5699","0.2446","-0.0460"
"FIN-LOC001-202304","LOC001","Downtown Dental","2023-04-01",2023,4,"2023-04",57563,20022,11888,8760,2503,4380,3754,0,1877,4380,0,180791,110018,36673,3454,576,12800,576,1727,3454,1151,2303,576,4029,1151,576,1727,-123228,"-2.1408","2.5484","0.0700",84426,49811,17729,9287,5910,"44.0",307,107,6,26,51807,32535,"0.5652",96,92,4,71,0,71,"0.8800","810.75",5,880,231,"0.2628",9385,5005,10011,7508,6883,0,18771,33,24,18,"0.7273","0.7500","17.99","2.50",-148256,"0.4557","1.2199","-0.1957","-0.1797"
"FIN-LOC001-202305","LOC001","Downtown Dental","2023-05-01",2023,5,"2023-05",38830,15775,7281,5460,2427,607,1820,0,1213,3034,1213,183838,117408,39136,3106,388,12928,777,1553,2330,777,777,388,3106,388,388,388,-145008,"-3.7344","4.0315","0.0900",53068,29718,12206,4776,4245,"41.0",207,64,8,26,34947,24582,"0.6331",70,64,6,57,0,57,"0.8400","681.23",5,880,231,"0.2623",6067,6674,5460,1213,5460,0,13955,27,17,15,"0.6296","0.8824","12.13","2.50",-159256,"-0.3254","0.1339","0.1767","0.0098"
"FIN-LOC001-202306","LOC001","Downtown Dental","2023-06-01",2023,6,"2023-06",35677,9081,5838,11027,2595,1297,2595,0,649,1946,649,184064,117017,39006,2497,714,13056,357,1427,1784,1427,1427,357,2854,714,357,1070,-148387,"-4.1592","4.3732","0.0900",45191,28018,10846,5423,3163,"38.0",190,61,6,27,32109,16411,"0.4600",65,55,10,50,0,50,"0.7800","713.54",5,880,213,"0.2419",6487,8433,2595,7135,3892,0,7135,21,14,11,"0.6667","0.7857","11.15","3.00",-167653,"-0.0812","0.7177","0.0233","-0.0494"
"FIN-LOC001-202307","LOC001","Downtown Dental","2023-07-01",2023,7,"2023-07",38679,16220,4991,5615,1248,624,2495,0,1248,3743,2495,178147,111343,37114,3094,387,12672,1160,1160,2321,1547,1547,387,3481,387,387,1160,-139468,"-3.6058","3.8382","0.0900",41258,22692,10315,3713,2888,"32.0",206,62,10,34,34811,22434,"0.5800",68,62,6,54,0,54,"0.8300","716.28",5,880,275,"0.3120",8110,3743,8110,5615,2495,0,10606,18,13,11,"0.7222","0.8462","12.09","2.50",-155713,"0.0841","0.1515","-0.0601","0.0057"
"FIN-LOC001-202308","LOC001","Downtown Dental","2023-08-01",2023,8,"2023-08",47973,13707,8376,8376,4569,761,6092,0,1523,3807,761,193321,121624,40541,2878,480,12928,959,1919,3358,1439,959,480,3358,959,480,959,-145348,"-3.0298","3.3803","0.0700",47973,28304,11514,5277,2878,"30.0",256,100,10,36,43176,34931,"0.7281",70,63,7,47,0,47,"0.8700","1020.70",5,880,303,"0.3441",4569,761,1523,4569,12184,0,24367,15,11,9,"0.7333","0.8182","14.99","2.14",-158390,"0.2403","0.1996","0.0422","-0.0454"
"FIN-LOC001-202309","LOC001","Downtown Dental","2023-09-01",2023,9,"2023-09",54086,15453,12643,7727,7024,702,5619,0,2810,702,1405,182967,110587,36862,3786,1082,12800,1623,2704,2704,1623,1623,541,3245,1623,541,1623,-128881,"-2.3829","2.7262","0.0900",64903,37644,14928,5192,4543,"36.0",288,101,12,27,48677,32603,"0.6028",87,77,10,64,0,64,"0.8600","845.09",5,880,253,"0.2876",2810,8429,4214,7024,8429,0,23180,31,21,17,"0.6774","0.8095","16.90","3.00",-150364,"0.1274","-0.0756","-0.1133","0.0131"
"FIN-LOC001-202310","LOC001","Downtown Dental","2023-10-01",2023,10,"2023-10",66653,21329,13331,11553,2666,1777,6221,0,5332,2666,1777,196705,118123,39374,4666,1333,12544,1333,3333,3333,1333,2000,667,5332,667,667,2000,-130052,"-1.9512","2.3629","0.0900",97758,60610,19552,8798,5865,"44.0",355,124,11,34,59988,37556,"0.5635",89,75,14,65,0,65,"0.8500","1025.43",5,880,281,"0.3196",13331,11553,889,10664,7110,0,23106,22,15,13,"0.6818","0.8667","20.83","3.00",-159149,"0.2324","2.0240","0.0091","-0.1402"
"FIN-LOC001-202311","LOC001","Downtown Dental","2023-11-01",2023,11,"2023-11",25783,9710,5358,5023,1339,670,1339,0,0,670,1674,169108,109883,36628,1289,258,12800,516,1031,1031,1031,1031,258,2063,258,258,773,-143325,"-5.5589","5.6825","0.0600",28361,17300,5956,3403,2836,"33.0",138,55,4,37,23205,16243,"0.6300",91,77,14,58,0,58,"0.8600","444.53",5,880,301,"0.3417",3014,6027,2679,4018,1674,0,8371,24,19,13,"0.7917","0.6842","8.06","3.75",-152865,"-0.6132","-0.1049","0.1021","0.0257"
"FIN-LOC001-202312","LOC001","Downtown Dental","2023-12-01",2023,12,"2023-12",85351,23202,15744,11601,10772,5801,4143,0,6629,3315,4143,192700,110597,36866,5975,854,12800,2561,3414,4268,2561,2561,854,5121,1707,854,1707,-107349,"-1.2577","1.7277","0.0800",122336,78295,29361,13457,12234,"43.0",455,146,14,36,76816,30146,"0.3532",115,103,12,87,2,85,"0.7900","981.05",5,880,186,"0.2108",24860,11601,9115,9115,6629,0,24031,33,26,21,"0.7879","0.8077","26.67","3.00",-162554,"2.3104","0.5819","-0.2510","-0.2321"
"FIN-LOC001-202401","LOC001","Downtown Dental","2024-01-01",2024,1,"2024-01",57313,16289,12066,11463,4826,1810,3620,0,1207,4826,1207,183713,111851,37284,4585,573,12800,1719,1719,2293,2293,1719,573,4012,1146,573,573,-126400,"-2.2054","2.6021","0.0900",57313,34961,12609,4585,5158,"30.0",306,101,9,38,51582,31270,"0.5456",111,95,16,72,0,72,"0.7900","796.01",5,880,183,"0.2080",10859,6033,6636,5430,7240,0,21115,34,25,21,"0.7353","0.8400","17.91","3.75",-152443,"-0.3285","0.4405","0.1775","-0.0899"
"FIN-LOC001-202402","LOC001","Downtown Dental","2024-02-01",2024,2,"2024-02",81520,24610,16150,10767,9229,4614,3845,0,4614,7691,0,188031,107675,35892,4076,1630,12672,2446,3261,4891,2446,3261,815,5706,815,815,1630,-106511,"-1.3066","1.7611","0.0700",105976,60406,23315,8478,7418,"39.0",435,157,9,39,73368,36718,"0.4504",114,106,8,96,0,96,"0.8100","849.17",5,880,151,"0.1721",8460,14612,9998,13074,12305,0,23072,46,34,27,"0.7391","0.7941","25.48","2.50",-151313,"0.4224","1.0309","-0.1573","-0.1348"
"FIN-LOC001-202403","LOC001","Downtown Dental","2024-03-01",2024,3,"2024-03",75486,20459,14110,14110,7055,3527,5644,0,2822,4938,2822,200186,117230,39077,6039,1510,12928,755,3019,5284,1510,1510,755,6794,755,755,2265,-124700,"-1.6520","2.0707","0.1000",100648,56363,23149,8052,6039,"40.0",403,121,20,28,67937,41082,"0.5442",111,107,4,89,0,89,"0.8900","848.16",5,880,262,"0.2973",11993,9877,10582,13404,7760,0,21870,29,21,15,"0.7241","0.7143","23.59","2.14",-159104,"-0.0740","0.9090","0.1708","-0.1861"
"FIN-LOC001-202404","LOC001","Downtown Dental","2024-04-01",2024,4,"2024-04",51800,16297,14551,6984,3492,1164,2328,0,2328,2328,2328,188883,117784,39261,3108,1036,12672,1554,2590,2072,1554,1554,518,3108,518,518,1036,-137083,"-2.6464","3.0318","0.0800",70793,40352,16990,7079,5663,"41.0",276,99,8,31,46620,28829,"0.5565",111,89,22,73,0,73,"0.7700","709.59",5,880,249,"0.2835",5238,14551,5820,3492,5820,0,16879,26,16,13,"0.6154","0.8125","16.19","3.75",-160054,"-0.3138","-0.1001","0.0993","0.1124"
"FIN-LOC001-202405","LOC001","Downtown Dental","2024-05-01",2024,5,"2024-05",92150,25362,18599,16063,7609,2536,5072,0,5918,9300,1691,206957,117873,39291,6451,922,12928,922,2765,4608,2765,2765,922,9215,1843,922,2765,-114807,"-1.2459","1.7055","0.0800",135153,86498,32437,13515,6758,"44.0",491,152,15,40,82935,43700,"0.4742",120,109,11,95,0,95,"0.9000","970.00",5,880,198,"0.2246",11836,16063,10145,13527,16908,0,23672,37,28,20,"0.7568","0.7143","28.80","3.00",-163257,"0.7790","1.3732","-0.1625","-0.2083"
"FIN-LOC001-202406","LOC001","Downtown Dental","2024-06-01",2024,6,"2024-06",94947,31649,15825,8791,8791,2637,8791,0,5275,9671,3517,197715,110205,36735,7596,949,12800,2848,4747,2848,2848,2848,949,6646,1899,949,2848,-102768,"-1.0824","1.5476","0.0900",139256,77983,30636,13926,8355,"44.0",506,187,25,27,85452,62057,"0.6536",116,108,8,85,0,85,"0.8000","1117.02",5,880,243,"0.2756",17583,21099,2637,3517,6154,0,43957,27,20,15,"0.7407","0.7500","29.67","5.00",-135658,"0.0304","1.6613","-0.1049","-0.3074"
"FIN-LOC001-202407","LOC001","Downtown Dental","2024-07-01",2024,7,"2024-07",83540,26064,16040,14035,7352,1337,6683,0,4010,3342,4678,201251,117434,39145,5012,835,12928,1671,3342,5012,2506,1671,835,5848,2506,835,1671,-117711,"-1.4090","1.8743","0.0700",111387,66832,25619,12253,7797,"40.0",446,169,18,30,75186,37657,"0.4508",141,125,16,95,0,95,"0.8600","879.37",5,880,190,"0.2154",14703,17376,12698,2673,10693,0,25396,29,21,16,"0.7241","0.7619","26.11","2.50",-163594,"-0.1201","1.1598","0.1454","-0.1560"
"FIN-LOC001-202408","LOC001","Downtown Dental","2024-08-01",2024,8,"2024-08",89593,27357,18466,12994,8207,2736,6839,0,4103,4787,4103,204859,120716,40239,6272,1792,12544,896,2688,2688,2688,3584,896,5376,1792,896,1792,-115266,"-1.2866","1.7965","0.0900",122444,79589,25713,9796,12244,"41.0",478,172,19,32,80634,38094,"0.4252",160,131,29,114,0,114,"0.8100","785.90",5,880,87,"0.0989",10943,23937,10259,9575,10943,0,23937,41,31,24,"0.7561","0.7742","28.00","5.00",-166765,"0.0725","0.8676","-0.0208","-0.2070"
"FIN-LOC001-202409","LOC001","Downtown Dental","2024-09-01",2024,9,"2024-09",55163,18575,12946,8443,3940,1689,3940,0,1689,2252,1689,180551,107291,35764,4413,1103,12672,1103,2207,3310,2207,1655,552,5516,1103,552,1103,-125388,"-2.2730","2.5933","0.1000",79067,46650,16604,8697,6325,"43.0",294,103,15,29,49647,37649,"0.6825",110,98,12,80,0,80,"0.8500","689.54",5,880,252,"0.2858",3940,7880,4503,2252,8443,0,28144,30,22,19,"0.7333","0.8636","17.24","2.50",-142902,"-0.3843","0.0199","0.0878","-0.0271"
"FIN-LOC001-202410","LOC001","Downtown Dental","2024-10-01",2024,10,"2024-10",80507,20756,20756,13208,5661,1887,8805,0,2516,4403,2516,209352,121960,40653,4830,1610,12928,805,3220,3220,2415,3220,805,8051,2415,805,2415,-128845,"-1.6004","2.0199","0.0800",93925,57294,21603,8453,5636,"35.0",429,159,17,34,72456,28446,"0.3533",151,128,23,124,0,124,"0.8200","649.25",5,880,114,"0.1296",8805,16353,17611,5032,11321,0,21385,57,35,31,"0.6140","0.8857","25.16","3.75",-180906,"0.4594","0.2079","0.0276","-0.0093"
"FIN-LOC001-202411","LOC001","Downtown Dental","2024-11-01",2024,11,"2024-11",75549,26082,17538,13941,3148,899,2248,0,1799,4497,5396,186315,105208,35069,4533,755,12800,2266,3022,3777,2266,3022,755,7555,2266,755,2266,-110766,"-1.4661","1.8568","0.0700",105769,68750,23269,10577,9519,"42.0",403,145,16,30,67994,38876,"0.5146",182,168,14,135,2,133,"0.7900","559.62",5,880,156,"0.1775",11242,11692,8994,8544,9444,0,25633,62,44,39,"0.7097","0.8864","23.61","3.00",-147439,"-0.0616","1.9302","-0.1403","-0.2272"
"FIN-LOC001-202412","LOC001","Downtown Dental","2024-12-01",2024,12,"2024-12",110649,38762,18324,16210,10572,3524,11276,0,4229,5638,2114,199559,112047,37349,6639,2213,12544,2213,4426,4426,2213,3319,1106,6639,2213,1106,1106,-88910,"-0.8035","1.3502","0.0800",165974,101244,41494,18257,9958,"45.0",590,218,24,27,99584,43153,"0.3900",186,157,29,127,0,127,"0.7600","871.25",5,880,163,"0.1856",14800,10572,23962,13391,16914,0,31010,62,45,32,"0.7258","0.7111","34.58","3.75",-156406,"0.4646","0.2964","-0.1973","-0.1718"
"FIN-LOC001-202501","LOC001","Downtown Dental","2025-01-01",2025,1,"2025-01",83990,20298,16798,18898,8399,700,4899,0,2800,7699,3500,193205,111995,37332,5039,840,12800,1680,3360,4200,1680,1680,840,8399,1680,840,840,-109215,"-1.3003","1.7779","0.0700",97988,57813,24497,8819,5879,"35.0",448,148,13,26,75591,47505,"0.5656",135,120,15,100,0,100,"0.7800","839.90",5,880,206,"0.2344",11199,7699,11199,6299,12599,0,34996,31,21,19,"0.6774","0.9048","26.25","3.00",-145700,"-0.2409","0.4655","0.2284","-0.1360"
"FIN-LOC001-202502","LOC001","Downtown Dental","2025-02-01",2025,2,"2025-02",81526,28948,17132,11815,4726,1772,5908,0,2954,4726,3545,182665,102940,34313,4892,1631,12800,1631,3261,4076,2446,1631,815,7337,1631,815,2446,-101139,"-1.2406","1.6835","0.0800",108701,63047,27175,10870,7609,"40.0",435,135,17,38,73373,37077,"0.4548",163,138,25,94,0,94,"0.7600","867.30",5,880,107,"0.1213",8862,12406,6498,16542,8271,0,28948,35,27,22,"0.7714","0.8148","25.48","3.00",-145588,"-0.0293","0.0001","-0.0739","-0.0504"
"FIN-LOC001-202503","LOC001","Downtown Dental","2025-03-01",2025,3,"2025-03",83596,28064,18511,11345,5971,3583,2986,0,3583,5971,3583,198067,115316,38439,5852,1672,12544,1672,3344,2508,2508,3344,836,6688,1672,836,836,-114471,"-1.3693","1.8393","0.0900",117034,70220,24577,12874,10533,"42.0",446,138,18,35,75236,45270,"0.5415",160,140,20,115,0,115,"0.8500","726.92",5,880,163,"0.1858",16719,17316,6568,7762,7165,0,28064,40,26,21,"0.6500","0.8077","26.12","5.00",-152797,"0.0254","0.1074","0.1318","-0.0820"
"FIN-LOC001-202504","LOC001","Downtown Dental","2025-04-01",2025,4,"2025-04",411485,39288,93463,90982,35731,31265,36806,22539,33415,20884,7113,175537,4778,1593,24689,4115,12800,4115,16459,24689,12345,12345,4115,28804,8230,4115,12345,235948,"0.5734","0.0155","0.0700",562363,314923,134967,56236,39365,"41.0",2195,724,66,38,370337,86412,"0.2100",1,1,0,1,0,1,"0.8500","411485.00",5,880,26,"0.0300",137894,57964,42466,36609,28962,19728,87862,0,0,0,"NaN","NaN","128.59","2.50",-89125,"3.9223","6.9437","-3.0612","-2.7212"
"FIN-LOC002-202001","LOC002","Westside Smile Center","2020-01-01",2020,1,"2020-01",8990,3312,2839,946,0,946,473,0,473,0,0,103389,67629,22543,539,90,9800,180,360,629,270,180,90,629,180,90,180,-94399,"-10.5004","10.0303","0.0700",9889,5637,2472,1187,890,"33.0",48,17,2,39,8091,7081,"0.7876",30,19,11,18,0,18,"0.7600","499.44",4,704,457,"0.6492",946,0,473,2839,0,0,4732,8,6,5,"0.7500","0.8333","3.21","2.14",-96308,0,0,0,0
"FIN-LOC002-202002","LOC002","Westside Smile Center","2020-02-01",2020,2,"2020-02",21363,7121,2670,2670,2670,0,1780,0,1780,890,1780,103103,63642,21214,1068,427,9702,427,855,1282,427,641,214,2136,427,214,427,-81740,"-3.8262","3.9721","0.0700",22787,13672,5013,2507,1139,"32.0",114,43,3,30,19227,15390,"0.7204",26,24,2,22,1,21,"0.8400","971.05",4,704,362,"0.5146",5341,1780,3561,0,0,0,10682,10,6,4,"0.6000","0.6667","7.63","2.50",-87713,"1.3763",0,"-0.1341",0
"FIN-LOC002-202003","LOC002","Westside Smile Center","2020-03-01",2020,3,"2020-03",14320,3255,2604,2604,0,651,651,0,651,1302,2604,109162,70011,23337,859,286,9800,430,716,573,573,573,143,1146,286,143,286,-94842,"-6.6230","6.5187","0.0800",19571,12721,4110,2153,1174,"41.0",76,28,2,31,12888,11010,"0.7688",25,22,3,21,0,21,"0.8100","681.90",4,704,331,"0.4704",1302,0,2604,2604,1953,0,5858,10,8,7,"0.8000","0.8750","5.11","3.75",-98152,"-0.3297",0,"0.1603",0
"FIN-LOC002-202004","LOC002","Westside Smile Center","2020-04-01",2020,4,"2020-04",18310,9471,1263,1894,1263,0,2526,0,631,631,631,111063,69970,23323,1099,183,9898,549,732,1099,732,549,183,1648,366,183,549,-92753,"-5.0657","5.0952","0.0700",25024,14264,5505,2252,2002,"41.0",98,36,3,38,16479,13986,"0.7638",35,29,6,20,0,20,"0.8400","915.50",4,704,385,"0.5465",1263,631,0,1894,1894,0,12628,8,5,4,"0.6250","0.8000","6.54","2.50",-97077,"0.2786",0,"-0.0220",0
"FIN-LOC002-202005","LOC002","Westside Smile Center","2020-05-01",2020,5,"2020-05",15551,2488,3732,4354,1244,0,622,0,0,1866,1244,106492,67268,22423,933,156,9800,311,622,1089,622,467,156,1555,467,156,467,-90941,"-5.8479","5.7675","0.0700",18661,12130,4292,1679,1493,"36.0",83,33,3,39,13996,11029,"0.7092",25,25,0,21,0,21,"0.8300","740.52",4,704,359,"0.5104",0,1244,3732,1866,3110,0,5598,10,6,5,"0.6000","0.8333","5.55","2.14",-95463,"-0.1507",0,"-0.0195",0
"FIN-LOC002-202006","LOC002","Westside Smile Center","2020-06-01",2020,6,"2020-06",15686,6920,2307,3691,461,0,1384,0,0,461,461,108162,69770,23257,784,157,9800,471,471,471,627,314,157,1255,157,157,314,-92476,"-5.8954","5.9306","0.0600",21960,14054,5270,2196,1318,"42.0",84,26,4,28,14117,9774,"0.6231",38,34,4,29,0,29,"0.8500","540.90",4,704,360,"0.5112",6920,2768,0,923,1845,0,3229,12,8,6,"0.6667","0.7500","5.60","5.00",-98388,"0.0087",0,"0.0169",0
"FIN-LOC002-202007","LOC002","Westside Smile Center","2020-07-01",2020,7,"2020-07",8397,3435,1527,1145,0,382,1145,0,0,0,763,108241,71573,23858,672,84,9702,84,336,252,168,252,84,672,168,84,252,-99844,"-11.8904","11.3649","0.0900",12316,8005,2956,1232,985,"44.0",45,17,1,29,7557,6349,"0.7562",31,22,9,18,0,18,"0.8300","466.50",4,704,442,"0.6277",763,0,4199,0,1145,0,2290,6,4,4,"0.6667","1.0000","3.00","5.00",-101892,"-0.4647",0,"0.0797",0
"FIN-LOC002-202008","LOC002","Westside Smile Center","2020-08-01",2020,8,"2020-08",38016,10722,1950,7798,4874,1950,4874,0,2924,0,2924,117790,68945,22982,2281,380,9898,760,1521,2661,1521,1140,380,3041,760,380,1140,-79774,"-2.0984","2.4181","0.0700",53222,32998,12773,5322,4258,"42.0",203,73,8,30,34214,22766,"0.5988",44,39,5,35,0,35,"0.8100","1086.17",4,704,261,"0.3708",5849,975,3899,6823,9748,0,10722,17,13,10,"0.7647","0.7692","13.58","2.14",-95024,"3.5273",0,"-0.2010",0
"FIN-LOC002-202009","LOC002","Westside Smile Center","2020-09-01",2020,9,"2020-09",25324,8938,2979,1490,5214,745,2234,0,1490,745,1490,107274,66607,22202,1266,506,9604,506,760,1266,760,760,253,1519,506,253,506,-81950,"-3.2361","3.5069","0.0700",30389,17626,6382,3039,1823,"36.0",135,42,4,25,22792,17656,"0.6972",40,34,6,24,0,24,"0.8600","1055.17",4,704,378,"0.5364",4469,745,2979,2234,5214,0,9683,11,7,5,"0.6364","0.7143","9.04","3.00",-89618,"-0.3339",0,"0.0273",0
"FIN-LOC002-202010","LOC002","Westside Smile Center","2020-10-01",2020,10,"2020-10",8803,3873,2113,1761,0,0,352,0,0,704,0,107898,70992,23664,528,176,9898,176,440,352,176,264,88,704,264,88,88,-99095,"-11.2570","10.7527","0.0800",12911,7359,2970,1162,1291,"44.0",47,16,2,26,7923,6870,"0.7804",33,25,8,22,0,22,"0.7900","400.14",4,704,426,"0.6048",1761,1761,0,704,704,0,3873,7,5,4,"0.7143","0.8000","3.14","3.75",-101028,"-0.6524",0,"0.2092",0
"FIN-LOC002-202011","LOC002","Westside Smile Center","2020-11-01",2020,11,"2020-11",3960,360,1440,1440,360,0,0,0,0,360,0,94390,62240,20747,238,79,9898,79,198,158,119,119,40,277,79,40,79,-90430,"-22.8359","20.9563","0.0801",5412,3410,1245,541,379,"41.0",21,8,1,34,3564,3106,"0.7843",13,11,2,8,0,8,"0.7900","495.00",4,704,454,"0.6448",720,720,0,1440,0,0,1080,3,2,2,"0.6667","1.0000","1.41","3.76",-91284,"-0.5502",0,"-0.0874",0
"FIN-LOC002-202012","LOC002","Westside Smile Center","2020-12-01",2020,12,"2020-12",8160,2267,1360,1813,907,0,0,0,0,453,1360,106866,70277,23426,490,163,9898,245,408,408,163,163,82,571,245,82,245,-98706,"-12.0963","11.4832","0.0800",10608,6683,2546,1061,530,"39.0",44,16,2,34,7344,6164,"0.7554",22,18,4,9,0,9,"0.8400","906.67",4,704,486,"0.6900",1360,907,0,1360,2267,0,2267,4,3,3,"0.7500","1.0000","2.91","3.00",-100702,"1.0606",0,"0.0915",0
"FIN-LOC002-202101","LOC002","Westside Smile Center","2021-01-01",2021,1,"2021-01",27567,6529,5078,4353,4353,725,2176,0,725,2902,725,105864,64044,21348,1654,551,9996,827,1103,827,827,827,276,1930,551,276,827,-78297,"-2.8402","3.0976","0.0800",33080,19848,6947,3308,2646,"36.0",147,46,7,28,24810,17723,"0.6429",40,38,2,25,0,25,"0.7700","1102.68",4,704,302,"0.4288",2902,9431,6529,1451,2902,0,4353,12,9,8,"0.7500","0.8889","9.85","5.00",-88141,"2.3783","2.0664","-0.2068","-0.1706"
"FIN-LOC002-202102","LOC002","Westside Smile Center","2021-02-01",2021,2,"2021-02",10062,4025,1342,2683,0,671,0,0,671,671,0,96220,62168,20723,604,101,9604,101,302,503,302,302,101,805,302,101,201,-86158,"-8.5627","8.2380","0.0701",10733,6118,2576,966,644,"32.0",54,17,3,33,9056,7923,"0.7874",21,15,6,11,0,11,"0.8100","914.73",4,704,421,"0.5987",1342,671,671,1342,671,0,5366,5,4,3,"0.8000","0.7500","3.59","3.00",-88297,"-0.6350","-0.5290","0.1004","0.0540"
"FIN-LOC002-202103","LOC002","Westside Smile Center","2021-03-01",2021,3,"2021-03",10770,4828,1857,2600,371,371,371,0,0,371,0,111797,73018,24339,862,215,9702,215,323,646,323,431,108,969,215,108,323,-101027,"-9.3804","9.0396","0.1000",14001,7841,2800,1400,840,"39.0",57,19,2,25,9693,7878,"0.7315",43,29,14,27,0,27,"0.7800","398.89",4,704,350,"0.4967",2228,2971,743,1486,0,0,3342,13,8,6,"0.6154","0.7500","3.85","2.50",-103919,"0.0704","-0.2479","0.1726","0.0652"
"FIN-LOC002-202104","LOC002","Westside Smile Center","2021-04-01",2021,4,"2021-04",29152,4555,4555,3644,5466,911,2733,0,1822,3644,1822,116675,70825,23608,2332,292,9996,583,1458,1749,583,875,292,2624,583,292,583,-87523,"-3.0023","3.2393","0.0900",29152,18366,6413,2624,2332,"30.0",155,54,5,27,26237,19812,"0.6796",36,32,4,28,0,28,"0.7900","1041.14",4,704,307,"0.4358",5466,8199,0,6377,0,0,9110,9,6,4,"0.6667","0.6667","10.41","2.50",-96863,"1.7068","0.5921","-0.1337","-0.0564"
"FIN-LOC002-202105","LOC002","Westside Smile Center","2021-05-01",2021,5,"2021-05",8358,2950,1967,1475,983,0,983,0,0,0,0,101310,66460,22153,501,167,9604,84,334,334,334,251,84,752,84,84,84,-92952,"-11.1213","10.6022","0.0799",12258,7232,2819,981,981,"44.0",45,15,2,28,7522,6265,"0.7496",24,17,7,14,0,14,"0.8100","597.00",4,704,416,"0.5908",1475,0,1967,1967,983,0,1967,5,3,3,"0.6000","1.0000","2.98","3.75",-95045,"-0.7133","-0.4625","0.0620","0.0221"
"FIN-LOC002-202106","LOC002","Westside Smile Center","2021-06-01",2021,6,"2021-06",31805,4544,5679,7951,1136,2272,0,0,3408,5679,1136,114535,69874,23291,1908,318,9604,318,1272,1908,636,636,318,2544,636,318,954,-82730,"-2.6012","2.9293","0.0700",41347,24395,8683,4135,2067,"39.0",170,58,3,39,28625,21211,"0.6669",36,28,8,24,0,24,"0.8300","1325.21",4,704,339,"0.4819",7951,0,2272,6815,5679,0,9087,12,8,7,"0.6667","0.8750","11.36","2.50",-93324,"2.8053","1.0276","-0.1100","-0.1054"
"FIN-LOC002-202107","LOC002","Westside Smile Center","2021-07-01",2021,7,"2021-07",40959,15241,5715,2858,3810,953,4763,0,2858,4763,0,121696,73243,24414,2458,819,9702,410,2048,1638,819,1638,410,2458,819,410,410,-80737,"-1.9712","2.3843","0.0800",47786,28672,11469,5256,3345,"35.0",218,85,11,38,36863,27655,"0.6752",46,43,3,27,0,27,"0.8200","1517.00",4,704,329,"0.4678",5715,2858,4763,6668,5715,0,15241,9,6,5,"0.6667","0.8333","14.63","3.75",-94041,"0.2878","3.8778","-0.0241","-0.1914"
"FIN-LOC002-202108","LOC002","Westside Smile Center","2021-08-01",2021,8,"2021-08",8845,4190,466,2328,1397,0,466,0,0,0,0,106020,69903,23301,531,88,9898,177,354,354,177,265,88,531,88,88,177,-97175,"-10.9864","10.5375","0.0700",11793,7076,2948,1061,590,"40.0",47,15,2,32,7961,6617,"0.7481",19,19,0,16,0,16,"0.8300","552.81",4,704,426,"0.6054",931,0,1397,2328,2793,0,1397,5,3,2,"0.6000","0.6667","3.16","3.75",-99403,"-0.7841","-0.7673","0.2036","0.2181"
"FIN-LOC002-202109","LOC002","Westside Smile Center","2021-09-01",2021,9,"2021-09",23592,4537,907,9074,1815,907,907,0,907,4537,0,107891,66844,22281,1651,236,9800,472,1180,944,472,708,236,1887,472,236,472,-84299,"-3.5732","3.7778","0.0800",29097,18913,6692,3201,2328,"37.0",126,43,5,29,21233,17175,"0.7280",32,26,6,15,0,15,"0.7900","1572.80",4,704,394,"0.5600",2722,7259,1815,4537,1815,0,5444,5,4,3,"0.8000","0.7500","8.43","3.75",-90716,"1.6673","-0.0684","-0.1325","0.0287"
"FIN-LOC002-202110","LOC002","Westside Smile Center","2021-10-01",2021,10,"2021-10",17065,6563,2625,2625,0,0,1313,0,0,3938,0,107791,68171,22724,1195,341,9898,171,512,1195,683,341,171,1536,341,171,341,-90726,"-5.3165","5.3264","0.0900",17634,10051,3527,1763,1058,"31.0",91,35,3,31,15359,11302,"0.6623",28,26,2,25,0,25,"0.7900","682.60",4,704,299,"0.4254",2625,1313,3282,2625,2625,0,4594,13,9,7,"0.6923","0.7778","6.09","2.14",-96489,"-0.2767","0.9385","0.0762","-0.0845"
"FIN-LOC002-202111","LOC002","Westside Smile Center","2021-11-01",2021,11,"2021-11",26181,8727,3491,7563,1745,582,2327,0,582,1164,0,106179,64430,21477,1309,262,9800,262,785,1833,785,1047,262,2356,524,262,785,-79998,"-3.0556","3.2813","0.0600",34908,20596,8378,3491,3491,"40.0",140,55,7,38,23563,17519,"0.6692",48,45,3,38,0,38,"0.9000","688.97",4,704,171,"0.2425",4654,3491,2327,3491,1164,0,11054,14,11,9,"0.7857","0.8182","9.35","2.14",-88660,"0.5342","5.6114","-0.1182","-0.1154"
"FIN-LOC002-202112","LOC002","Westside Smile Center","2021-12-01",2021,12,"2021-12",9996,4192,1612,2257,322,0,645,0,0,322,645,107963,70919,23640,800,200,9604,100,300,500,300,200,100,800,100,100,300,-97967,"-9.8006","9.4597","0.1000",14328,8454,3152,1433,860,"43.0",53,16,2,36,8996,7685,"0.7688",39,31,8,24,0,24,"0.8200","416.50",4,704,404,"0.5735",1612,2257,645,1935,967,0,2580,10,7,6,"0.7000","0.8571","3.57","3.00",-100278,"-0.6182","0.2250","0.2246","-0.0075"
"FIN-LOC002-202201","LOC002","Westside Smile Center","2022-01-01",2022,1,"2022-01",47261,14878,7002,5251,7002,0,7002,0,1750,3501,875,113914,63907,21302,3308,945,9800,945,2363,2836,1418,1418,473,3308,945,473,473,-66653,"-1.4103","1.8029","0.0900",48836,28813,10256,4884,3419,"31.0",252,93,10,31,42535,26584,"0.5625",66,54,12,46,0,46,"0.7600","1027.41",4,704,178,"0.2529",2626,8752,2626,9627,5251,0,18379,17,13,10,"0.7647","0.7692","16.88","2.50",-87330,"3.7280","0.7144","-0.3196","-0.1487"
"FIN-LOC002-202202","LOC002","Westside Smile Center","2022-02-01",2022,2,"2022-02",28862,10720,2474,6597,825,825,1649,0,2474,825,2474,102972,60713,20238,2309,289,9898,866,1443,2020,866,1154,289,1732,289,289,577,-74110,"-2.5677","2.8048","0.0900",43293,23811,10390,4762,2598,"45.0",154,46,3,29,25976,16552,"0.5735",38,35,3,29,0,29,"0.7700","995.24",4,704,344,"0.4887",2474,6597,4948,4948,5772,0,4123,11,8,6,"0.7273","0.7500","10.31","2.14",-86420,"-0.3893","1.8684","0.1119","-0.1398"
"FIN-LOC002-202203","LOC002","Westside Smile Center","2022-03-01",2022,3,"2022-03",35039,11478,7249,6041,4229,604,1812,0,604,2416,604,119554,73907,24636,1752,701,9800,350,1402,1051,1051,1051,350,2102,701,350,350,-84515,"-2.4120","2.8124","0.0700",52559,29959,13140,4730,5256,"45.0",187,75,9,38,31535,16624,"0.4744",66,58,8,56,0,56,"0.7600","625.70",4,704,158,"0.2244",7249,6645,4833,1812,5437,0,9062,18,13,10,"0.7222","0.7692","12.51","5.00",-102930,"0.2140","2.2534","0.1404","-0.1634"
"FIN-LOC002-202204","LOC002","Westside Smile Center","2022-04-01",2022,4,"2022-04",46576,13973,10868,4658,3881,1553,6210,0,1553,3105,776,117600,69045,23015,2795,466,9702,932,1397,2329,1397,932,466,3260,466,466,932,-71024,"-1.5249","1.9766","0.0700",51234,31765,10247,5636,3586,"33.0",248,89,10,37,41918,25975,"0.5577",66,60,6,52,0,52,"0.8200","895.69",4,704,214,"0.3035",9315,3881,3105,6210,10091,0,13973,19,12,9,"0.6316","0.7500","16.63","3.00",-91625,"0.3293","0.5977","-0.1596","-0.1885"
"FIN-LOC002-202205","LOC002","Westside Smile Center","2022-05-01",2022,5,"2022-05",39218,8715,6972,8715,4358,0,6101,0,872,2615,872,115530,68192,22731,2353,392,9702,1177,1569,1177,1177,1177,392,2745,1177,392,1177,-76312,"-1.9458","2.3184","0.0700",45754,25165,10066,4575,4118,"35.0",209,65,6,27,35296,26025,"0.6636",51,45,6,33,0,33,"0.8700","1188.42",4,704,325,"0.4620",8715,1743,7844,5229,4358,0,11330,11,7,6,"0.6364","0.8571","14.01","5.00",-89505,"-0.1580","3.6923","0.0745","-0.1790"
"FIN-LOC002-202206","LOC002","Westside Smile Center","2022-06-01",2022,6,"2022-06",48189,12493,8924,9816,5354,0,3570,0,3570,2677,1785,122899,69932,23311,3373,482,9898,482,2409,3373,1928,964,482,3855,964,482,964,-74710,"-1.5504","1.9349","0.0800",67465,39804,16192,7421,6747,"42.0",257,98,5,34,43370,27171,"0.5638",62,54,8,45,0,45,"0.7700","1070.87",4,704,186,"0.2646",8032,5354,4462,8924,9816,0,11601,19,14,10,"0.7368","0.7143","17.21","2.14",-95728,"0.2287","0.5151","-0.0210","-0.0969"
"FIN-LOC002-202207","LOC002","Westside Smile Center","2022-07-01",2022,7,"2022-07",42893,12709,7149,11120,2383,0,3972,0,2383,3177,0,116611,66917,22306,3003,858,9800,429,1716,2574,858,1287,429,3860,858,429,1287,-73718,"-1.7186","2.0801","0.0900",44323,28367,9308,3546,3546,"31.0",229,71,7,37,38604,25907,"0.6040",59,54,5,39,0,39,"0.8200","1099.82",4,704,304,"0.4320",7943,8737,3177,3177,4766,0,15092,15,12,9,"0.8000","0.7500","15.32","2.50",-90704,"-0.1099","0.0472","-0.0133","-0.0869"
"FIN-LOC002-202208","LOC002","Westside Smile Center","2022-08-01",2022,8,"2022-08",34534,7674,5116,9593,1919,640,4477,0,0,3837,1279,119145,73057,24352,2417,345,9996,345,1036,1727,691,691,345,2417,1036,345,345,-84611,"-2.4501","2.8207","0.0800",41441,24865,8703,3315,3315,"36.0",184,63,7,30,31081,21449,"0.6211",59,54,5,50,0,50,"0.7900","690.68",4,704,276,"0.3915",7674,3837,5116,5756,640,0,11511,19,12,10,"0.6316","0.8333","12.33","3.00",-97696,"-0.1949","2.9044","0.1478","-0.1293"
"FIN-LOC002-202209","LOC002","Westside Smile Center","2022-09-01",2022,9,"2022-09",59216,16546,13062,7837,5225,1742,7837,0,2612,4354,0,120184,67392,22464,2961,592,9604,592,1776,2369,1776,2369,592,3553,1776,592,1776,-60968,"-1.0296","1.5174","0.0600",67111,38924,14764,6711,3356,"34.0",316,120,6,40,53294,30034,"0.5072",72,68,4,53,0,53,"0.7600","1117.28",4,704,247,"0.3508",6096,13062,12192,6096,13062,0,8708,20,13,11,"0.6500","0.8462","21.15","3.75",-90150,"0.7147","1.5100","-0.2794","-0.2768"
"FIN-LOC002-202210","LOC002","Westside Smile Center","2022-10-01",2022,10,"2022-10",50648,13285,8303,8303,4982,0,6642,0,2491,1661,4982,126529,69769,23256,3545,1013,9702,1013,2532,3545,2026,2026,506,4052,1519,506,1519,-75881,"-1.4982","1.8367","0.0900",62466,38104,14367,6871,5622,"37.0",270,89,11,27,45583,33233,"0.6562",69,61,8,43,0,43,"0.8500","1177.86",4,704,287,"0.4081",10794,10794,5812,4982,5812,0,12454,17,13,12,"0.7647","0.9231","18.09","2.14",-93296,"-0.1447","1.9679","0.2446","-0.1636"
"FIN-LOC002-202211","LOC002","Westside Smile Center","2022-11-01",2022,11,"2022-11",50812,14752,12293,6556,2459,0,7376,0,1639,4917,820,118212,65232,21744,3557,1016,9898,1524,2032,2032,1524,1524,508,5081,508,508,1524,-67400,"-1.3265","1.7117","0.0900",74524,46950,17886,8943,7452,"44.0",271,84,14,29,45731,28074,"0.5525",67,62,5,46,0,46,"0.8000","1104.61",4,704,270,"0.3842",8195,6556,4098,12293,10654,0,9015,18,12,10,"0.6667","0.8333","18.15","3.75",-90138,"0.0032","0.9408","-0.1118","-0.1575"
"FIN-LOC002-202212","LOC002","Westside Smile Center","2022-12-01",2022,12,"2022-12",24575,5266,7021,2926,2340,1170,2340,0,585,1170,1755,118796,73562,24521,1966,492,9898,737,1229,1720,737,492,246,2212,492,246,246,-94221,"-3.8340","3.9912","0.1000",29490,18284,6193,2654,2359,"36.0",131,41,4,36,22118,18313,"0.7452",51,42,9,32,0,32,"0.8000","767.97",4,704,298,"0.4237",0,1170,7607,1170,3511,0,11117,15,12,9,"0.8000","0.7500","8.78","2.14",-100483,"-0.5164","1.4585","0.3979","-0.0382"
"FIN-LOC002-202301","LOC002","Westside Smile Center","2023-01-01",2023,1,"2023-01",26374,10714,5769,4121,824,1236,1236,0,412,1648,412,109533,67481,22494,1846,264,9800,527,791,1319,527,791,264,2110,264,264,791,-83159,"-3.1531","3.4115","0.0800",35165,21099,8440,3868,3517,"40.0",141,49,6,32,23737,13947,"0.5288",70,64,6,52,0,52,"0.7900","507.19",4,704,190,"0.2696",2885,7830,1236,4533,2473,0,7418,23,17,12,"0.7391","0.7059","9.42","3.00",-95586,"0.0732","-0.4420","-0.1174","0.2476"
"FIN-LOC002-202302","LOC002","Westside Smile Center","2023-02-01",2023,2,"2023-02",44756,16205,4630,7717,4630,0,5402,0,2315,2315,1543,108869,61136,20379,2685,448,9898,448,2238,3133,1790,1343,448,2685,895,448,895,-64113,"-1.4325","1.8213","0.0700",58183,36073,12800,5236,4073,"39.0",239,79,5,29,40280,29052,"0.6491",69,58,11,51,0,51,"0.8100","877.57",4,704,246,"0.3491",9260,2315,3858,4630,5402,0,19291,19,12,10,"0.6316","0.8333","15.98","2.14",-79817,"0.6970","0.5507","-0.2290","-0.1349"
"FIN-LOC002-202303","LOC002","Westside Smile Center","2023-03-01",2023,3,"2023-03",92387,24147,14698,11548,8399,3150,9449,0,6299,11548,3150,142680,72489,24163,6467,924,9996,1848,3695,3695,2772,2772,924,6467,2772,924,2772,-50293,"-0.5444","1.0462","0.0800",135501,82656,32520,12195,10840,"44.0",493,173,25,30,83148,52182,"0.5648",98,88,10,72,0,72,"0.8800","1283.15",4,704,218,"0.3100",14698,11548,15748,9449,15748,0,25196,32,24,18,"0.7500","0.7500","33.00","3.75",-90498,"1.0642","1.6367","-0.2156","-0.4049"
"FIN-LOC002-202304","LOC002","Westside Smile Center","2023-04-01",2023,4,"2023-04",56871,23623,9624,6125,4375,0,875,0,5250,5250,1750,122533,66488,22163,3412,1137,9996,569,2844,3981,1706,2275,569,5118,1137,569,569,-65662,"-1.1546","1.5588","0.0800",72037,46104,16569,6483,4322,"38.0",303,109,9,39,51184,33349,"0.5864",78,65,13,55,0,55,"0.7700","1034.02",4,704,259,"0.3684",7874,8749,4375,7000,10499,0,18374,18,12,9,"0.6667","0.7500","20.31","2.14",-89184,"-0.3844","0.2210","0.3056","-0.0755"
"FIN-LOC002-202305","LOC002","Westside Smile Center","2023-05-01",2023,5,"2023-05",41766,13513,6756,6756,1228,1843,5528,0,614,4914,614,120530,71144,23715,2088,418,9800,1253,1253,2088,835,1671,418,3341,1253,418,835,-78764,"-1.8858","2.2712","0.0600",41766,25477,10442,4177,2088,"30.0",223,67,11,28,37589,23630,"0.5658",83,68,15,57,0,57,"0.8700","732.74",4,704,229,"0.3250",5528,7370,4299,7985,6756,0,9827,22,16,11,"0.7273","0.6875","14.92","3.00",-96900,"-0.2656","0.0650","0.1995","0.0321"
"FIN-LOC002-202306","LOC002","Westside Smile Center","2023-06-01",2023,6,"2023-06",47098,14639,7638,9547,5728,1273,2546,0,1273,1909,2546,121837,71031,23677,3768,471,9702,471,1413,1413,1413,942,471,4239,1413,471,942,-74739,"-1.5869","2.0109","0.0900",61227,34287,14082,5510,4898,"39.0",251,88,10,34,42388,23223,"0.4931",80,74,6,63,0,63,"0.7900","747.59",4,704,154,"0.2188",7001,4455,3182,10183,6365,0,15911,22,16,12,"0.7273","0.7500","16.82","5.00",-98614,"0.1277","-0.0226","-0.0511","0.0004"
"FIN-LOC002-202307","LOC002","Westside Smile Center","2023-07-01",2023,7,"2023-07",40611,15121,6480,5616,3888,2592,3888,0,0,864,2160,114153,66387,22129,3249,406,9800,406,2031,1624,1218,1218,406,3655,406,406,812,-73542,"-1.8109","2.1796","0.0900",47380,29376,9476,4264,2843,"35.0",217,82,11,36,36550,20728,"0.5104",106,94,12,77,0,77,"0.8200","527.42",4,704,184,"0.2616",8641,5184,6913,3888,5616,0,10369,28,22,17,"0.7857","0.7727","14.50","3.75",-93425,"-0.1377","-0.0532","-0.0160","-0.0024"
"FIN-LOC002-202308","LOC002","Westside Smile Center","2023-08-01",2023,8,"2023-08",78156,10499,12832,10499,12832,4666,13998,0,5833,4666,2333,133847,73178,24393,4689,782,9702,1563,3126,3908,1563,2345,782,4689,1563,782,782,-55691,"-0.7126","1.2484","0.0700",88577,53146,21258,10629,7086,"34.0",417,129,8,36,70340,47328,"0.6056",78,67,11,58,0,58,"0.8400","1347.52",4,704,173,"0.2452",15165,11665,2333,9332,13998,0,25663,23,15,13,"0.6522","0.8667","27.91","3.00",-86519,"0.9245","1.2632","-0.2427","-0.3418"
"FIN-LOC002-202309","LOC002","Westside Smile Center","2023-09-01",2023,9,"2023-09",52100,9725,13199,15283,2084,1389,7641,0,1389,1389,0,116773,65234,21745,3126,521,9996,1042,2084,3126,1563,1563,521,3647,1042,521,1042,-64673,"-1.2413","1.6695","0.0700",55573,35567,11670,5557,3890,"32.0",278,108,11,40,46890,27092,"0.5200",90,75,15,68,0,68,"0.8000","766.18",4,704,171,"0.2428",5557,11809,6252,4863,4863,0,18756,23,16,14,"0.6957","0.8750","18.61","2.50",-89681,"-0.3334","-0.1202","0.1613","0.0608"
"FIN-LOC002-202310","LOC002","Westside Smile Center","2023-10-01",2023,10,"2023-10",76389,20102,11257,15278,7237,1608,7237,0,2412,8845,2412,132549,70862,23621,5347,764,9800,1528,2292,3056,3056,2292,764,5347,1528,764,1528,-56160,"-0.7352","1.2369","0.0800",91667,54084,21083,8250,8250,"36.0",407,126,16,30,68750,32260,"0.4223",101,95,6,75,0,75,"0.7600","1018.52",4,704,108,"0.1535",10453,7237,2412,13670,10453,0,32164,25,18,14,"0.7200","0.7778","27.28","3.75",-100289,"0.4662","0.5082","-0.1316","-0.2599"
"FIN-LOC002-202311","LOC002","Westside Smile Center","2023-11-01",2023,11,"2023-11",67987,22153,14514,6875,6875,0,6875,0,3819,3056,3819,123589,65528,21843,4079,1360,9702,1360,2719,2719,2040,2040,680,6119,1360,680,1360,-55602,"-0.8178","1.2851","0.0800",97448,54571,23388,10719,5847,"43.0",363,138,15,29,61188,37761,"0.5554",100,89,11,64,0,64,"0.8200","1062.30",4,704,136,"0.1925",9931,9931,8403,4583,12986,0,22153,31,23,18,"0.7419","0.7826","24.28","3.75",-85828,"-0.1100","0.3380","-0.0099","-0.1750"
"FIN-LOC002-202312","LOC002","Westside Smile Center","2023-12-01",2023,12,"2023-12",45799,12611,12611,7301,1328,1328,4646,0,1991,1991,1991,116295,66671,22224,3664,916,9996,916,1374,1832,1374,1374,458,3664,916,458,458,-70496,"-1.5392","1.9410","0.1000",50379,28212,12091,4030,2519,"33.0",244,88,12,40,41219,23596,"0.5152",75,69,6,54,0,54,"0.8100","848.13",4,704,176,"0.2496",9293,7301,9956,3983,4646,0,10620,24,16,12,"0.6667","0.7500","16.36","3.75",-92699,"-0.3264","0.8636","0.2679","-0.2518"
"FIN-LOC002-202401","LOC002","Westside Smile Center","2024-01-01",2024,1,"2024-01",70928,15762,13135,11384,9632,1751,7005,0,3503,6130,2627,125622,67642,22547,4965,709,9898,1419,2837,2128,2128,2128,709,4256,2128,709,1419,-54694,"-0.7711","1.2716","0.0800",104028,58256,20806,9363,8322,"44.0",378,125,11,26,63835,44401,"0.6260",98,81,17,65,0,65,"0.8100","1091.20",4,704,235,"0.3336",4378,13135,21891,1751,5254,0,24518,23,16,12,"0.6957","0.7500","25.33","5.00",-81221,"0.5487","1.6893","-0.2242","-0.3423"
"FIN-LOC002-202402","LOC002","Westside Smile Center","2024-02-01",2024,2,"2024-02",59670,12346,14403,11660,6859,686,4801,0,2058,3429,3429,117240,65811,21937,4177,597,9800,597,1790,1790,2387,1193,597,3580,1790,597,597,-57570,"-0.9648","1.4706","0.0800",83538,52629,20885,8354,5012,"42.0",318,121,6,37,53703,32048,"0.5371",94,87,7,69,0,69,"0.7600","864.78",4,704,160,"0.2267",6173,10974,6173,6173,6859,0,23319,25,17,15,"0.6800","0.8824","21.31","5.00",-85192,"-0.1587","0.3332","0.0526","-0.1021"
"FIN-LOC002-202403","LOC002","Westside Smile Center","2024-03-01",2024,3,"2024-03",70026,19830,14253,13633,6817,1859,4958,0,1859,4338,2479,127058,69635,23212,4202,700,9702,1401,2101,2801,2801,2801,700,4902,700,700,700,-57032,"-0.8144","1.3259","0.0700",93368,60689,23342,8403,9337,"40.0",373,123,15,28,63023,41100,"0.5869",123,113,10,101,0,101,"0.8100","693.33",4,704,136,"0.1931",13014,11155,4958,6197,3718,0,30985,41,31,23,"0.7561","0.7419","25.01","3.75",-85958,"0.1736","-0.2420","-0.0093","0.1340"
"FIN-LOC002-202404","LOC002","Westside Smile Center","2024-04-01",2024,4,"2024-04",85222,17432,16463,14526,9684,1937,9684,0,6779,5811,2905,139219,70147,23382,5966,1704,9898,852,4261,5113,3409,3409,852,5966,1704,852,1704,-53997,"-0.6336","1.0975","0.0900",90903,53633,22726,9090,9090,"32.0",455,146,9,33,76700,45922,"0.5388",102,88,14,71,0,71,"0.7900","1200.31",4,704,218,"0.3096",15495,15495,9684,6779,15495,0,22274,31,21,15,"0.6774","0.7143","30.44","2.50",-93297,"0.2170","0.4985","-0.0532","-0.1777"
"FIN-LOC002-202405","LOC002","Westside Smile Center","2024-05-01",2024,5,"2024-05",63744,15936,6519,15936,7968,2897,5071,0,2897,1449,5071,128294,70299,23433,3825,1275,9702,1275,2550,2550,1912,1912,637,5100,1912,637,1275,-64550,"-1.0126","1.4704","0.0800",76493,46661,19123,7649,3825,"36.0",340,122,17,26,57370,34177,"0.5362",113,88,25,69,0,69,"0.8300","923.83",4,704,143,"0.2035",8692,7244,10865,9417,5795,0,21731,31,23,17,"0.7419","0.7391","22.77","3.75",-94117,"-0.2520","0.5262","0.1954","-0.1805"
"FIN-LOC002-202406","LOC002","Westside Smile Center","2024-06-01",2024,6,"2024-06",89818,25119,14462,16746,7612,3045,6851,0,3806,9134,3045,134837,66759,22253,4491,1796,9898,1796,2695,4491,3593,2695,898,8982,1796,898,1796,-45019,"-0.5012","0.9910","0.0700",134727,83531,28293,14820,12125,"45.0",479,182,14,28,80836,38334,"0.4268",131,118,13,89,0,89,"0.8400","1009.19",4,704,173,"0.2452",8373,14462,15985,3806,14462,0,32730,28,20,16,"0.7143","0.8000","32.08","3.00",-96503,"0.4090","0.9070","-0.3026","-0.3977"
"FIN-LOC002-202407","LOC002","Westside Smile Center","2024-07-01",2024,7,"2024-07",77413,24153,21056,12386,4954,1858,2477,0,4954,1858,3716,136867,70336,23445,6193,774,9800,1548,3097,5419,1548,2322,774,6967,1548,774,2322,-59454,"-0.7680","1.2114","0.0900",98056,60795,22553,7844,8825,"38.0",413,136,8,40,69672,24742,"0.3196",134,125,9,105,0,105,"0.8200","737.27",4,704,83,"0.1173",11767,10528,10528,12386,19818,0,12386,50,40,32,"0.8000","0.8000","27.65","2.14",-112125,"-0.1381","0.9062","0.3206","-0.1916"
"FIN-LOC002-202408","LOC002","Westside Smile Center","2024-08-01",2024,8,"2024-08",71201,18987,15427,11867,11273,1780,2967,0,1780,4747,2373,134217,71566,23855,4272,1424,9604,1424,2848,4272,2848,1424,712,5696,1424,712,2136,-63016,"-0.8850","1.3402","0.0800",83068,47349,19936,7476,8307,"35.0",380,148,11,37,64081,33966,"0.4770",137,120,17,105,0,105,"0.8700","678.10",4,704,107,"0.1526",9493,12460,11273,13647,5933,0,18394,46,29,25,"0.6304","0.8621","25.43","2.50",-100251,"-0.0802","-0.0890","0.0599","0.1315"
"FIN-LOC002-202409","LOC002","Westside Smile Center","2024-09-01",2024,9,"2024-09",92543,29106,13434,20150,10448,746,7463,0,3732,6717,746,133257,64906,21635,7403,925,9702,2776,4627,3702,2776,3702,925,7403,925,925,925,-40714,"-0.4399","0.9351","0.0900",123391,69099,25912,11105,11105,"40.0",494,188,15,38,83289,36362,"0.3929",130,124,6,100,0,100,"0.8300","925.43",4,704,154,"0.2192",14926,17165,8956,5224,15673,0,30599,30,20,15,"0.6667","0.7500","33.05","3.75",-96895,"0.2997","0.7763","-0.3539","-0.3705"
"FIN-LOC002-202410","LOC002","Westside Smile Center","2024-10-01",2024,10,"2024-10",93906,30292,17570,18175,6664,2423,4241,0,3029,7876,3635,145637,73077,24359,7512,939,9702,1878,3756,5634,2817,2817,939,6573,1878,939,2817,-51731,"-0.5509","1.0376","0.0900",137729,81260,30300,15150,6886,"44.0",501,195,20,28,84515,48031,"0.5115",176,155,21,134,0,134,"0.7600","700.79",4,704,99,"0.1404",9694,10905,12723,15752,10905,0,33927,58,40,36,"0.6897","0.9000","33.54","2.50",-97606,"0.0147","0.2293","0.2706","-0.0789"
"FIN-LOC002-202411","LOC002","Westside Smile Center","2024-11-01",2024,11,"2024-11",91040,29286,22283,12733,4457,1910,11460,0,3183,2547,3183,128721,63171,21057,4552,1821,9898,1821,4552,4552,3642,1821,910,6373,910,910,2731,-37681,"-0.4139","0.9252","0.0700",109248,60086,24035,9832,6555,"36.0",486,175,10,39,81936,53448,"0.5871",172,143,29,119,1,118,"0.8200","765.04",4,704,112,"0.1588",9550,7640,7003,7640,15916,0,43292,44,33,26,"0.7500","0.7879","32.51","3.00",-75273,"-0.0305","0.3391","-0.2716","-0.3223"
"FIN-LOC002-202412","LOC002","Westside Smile Center","2024-12-01",2024,12,"2024-12",96323,28676,18382,20588,7353,2206,10294,0,4412,2941,1471,137382,66643,22214,7706,963,9996,2890,4816,2890,2890,3853,963,8669,963,963,963,-41059,"-0.4263","0.9225","0.0900",112377,67426,22475,12361,11238,"35.0",514,185,10,36,86691,53132,"0.5516",152,131,21,101,0,101,"0.8800","953.69",4,704,164,"0.2332",10294,12500,16912,11765,11029,0,33823,43,33,24,"0.7674","0.7273","34.40","5.00",-84250,"0.0580","1.1032","0.0896","-0.4176"
"FIN-LOC002-202501","LOC002","Westside Smile Center","2025-01-01",2025,1,"2025-01",115850,31217,25667,20118,10406,1387,10406,0,4162,7631,4856,141693,66769,22256,9268,1159,9800,3476,3476,4634,4634,3476,1159,6951,1159,1159,2317,-25843,"-0.2231","0.7685","0.0900",173775,102527,41706,19115,12164,"45.0",618,241,12,40,104265,37906,"0.3272",194,167,27,133,0,133,"0.8900","871.05",4,704,140,"0.1988",25667,9712,10406,19424,21505,0,29136,64,42,35,"0.6563","0.8333","41.38","3.75",-103787,"0.2027","0.6333","-0.3706","-0.5275"
"FIN-LOC002-202502","LOC002","Westside Smile Center","2025-02-01",2025,2,"2025-02",105860,27028,21022,21022,12012,3003,9009,0,4505,6006,2252,137410,62509,20836,7410,2117,9604,2117,3176,6352,2117,4234,1059,10586,2117,1059,2117,-31550,"-0.2980","0.7873","0.0900",119975,73185,27594,11998,11998,"34.0",565,186,17,26,95274,45152,"0.4265",161,141,20,121,0,121,"0.7900","874.88",4,704,128,"0.1822",20271,15766,8259,8259,23274,0,30031,58,35,27,"0.6034","0.7714","37.81","2.50",-92258,"-0.0862","0.7741","0.2208","-0.4520"
"FIN-LOC002-202503","LOC002","Westside Smile Center","2025-03-01",2025,3,"2025-03",121292,36670,27502,19745,7757,2116,11283,0,5641,7757,2821,150460,69106,23035,7278,1213,9800,3639,6065,4852,3639,3639,1213,10916,2426,1213,2426,-29168,"-0.2405","0.7597","0.0700",145550,87330,32021,13100,13100,"36.0",647,201,13,25,109163,57614,"0.4750",186,172,14,148,0,148,"0.7900","819.54",4,704,130,"0.1850",25387,9167,11283,9167,16219,0,50068,46,31,23,"0.6739","0.7419","43.32","3.75",-92846,"0.1458","0.7321","-0.0755","-0.4886"
"FIN-LOC002-202504","LOC002","Westside Smile Center","2025-04-01",2025,4,"2025-04",346987,36323,74702,89094,25769,21108,31868,18504,27962,15420,6237,135229,2840,947,24289,3470,9996,6940,10410,13879,6940,13879,3470,20819,6940,3470,6940,211758,"0.6103","0.0109","0.0800",427951,243932,85590,47075,21398,"37.0",1851,574,93,25,312288,211662,"0.6100",6,6,0,6,0,6,"0.8800","57831.17",4,704,99,"0.1400",102210,48471,37091,31963,31190,17386,78677,2,2,2,"1.0000","1.0000","123.92","3.75",76433,"1.8608","3.0716","-8.2599","-4.9217"
"FIN-LOC003-202001","LOC003","East Valley Dental Care","2020-01-01",2020,1,"2020-01",14199,4141,2958,592,1183,592,2367,0,0,1775,592,102273,67204,22401,994,284,7272,142,568,568,426,426,142,994,426,142,284,-88074,"-6.2028","6.3107","0.0900",17985,10611,4137,1439,1259,"38.0",76,30,2,32,12779,10155,"0.7152",27,24,3,21,2,19,"0.8500","676.14",3,528,310,"0.5868",0,2958,4733,1775,1775,0,2958,9,6,4,"0.6667","0.6667","5.92","3.75",-92118,0,0,0,0
"FIN-LOC003-202002","LOC003","East Valley Dental Care","2020-02-01",2020,2,"2020-02",14071,5756,640,2558,1279,0,1919,0,0,640,1279,94955,62070,20690,704,141,7128,141,422,704,422,422,141,1407,281,141,141,-80884,"-5.7483","5.8816","0.0601",14071,7880,3377,1407,1407,"30.0",75,26,4,28,12664,10805,"0.7679",24,22,2,18,0,18,"0.7500","781.72",3,528,290,"0.5496",0,1919,4477,0,1279,0,6396,6,4,3,"0.6667","0.7500","5.86","3.00",-84150,"-0.0090",0,"-0.0816",0
"FIN-LOC003-202003","LOC003","East Valley Dental Care","2020-03-01",2020,3,"2020-03",12330,6528,0,2901,725,0,1451,0,725,0,0,103659,68961,22987,740,123,7272,123,493,370,370,247,123,1233,247,123,247,-91329,"-7.4071","7.4573","0.0700",17673,11311,4242,1414,1414,"43.0",66,22,3,35,11097,8920,"0.7235",17,17,0,12,0,12,"0.8600","1027.50",3,528,346,"0.6554",1451,2901,5802,1451,0,0,725,5,4,3,"0.8000","0.7500","5.14","5.00",-94739,"-0.1237",0,"0.1291",0
"FIN-LOC003-202004","LOC003","East Valley Dental Care","2020-04-01",2020,4,"2020-04",4740,2509,1115,558,0,0,279,0,0,279,0,103542,70765,23588,284,95,7200,142,142,284,190,142,47,332,142,47,142,-98802,"-20.8443","19.9057","0.0800",6952,4449,1529,626,487,"44.0",25,8,1,40,4266,3258,"0.6873",19,17,2,17,0,17,"0.7600","278.82",3,528,293,"0.5558",1394,836,279,836,1115,0,279,6,4,3,"0.6667","0.7500","1.98","2.50",-100284,"-0.6156",0,"0.0818",0
"FIN-LOC003-202005","LOC003","East Valley Dental Care","2020-05-01",2020,5,"2020-05",24212,8349,3340,5844,2505,835,0,0,2505,0,835,102581,65653,21884,1453,242,7056,484,968,726,484,726,242,1695,242,242,484,-78369,"-3.2368","3.6154","0.0700",32283,20338,6779,3551,2583,"40.0",129,45,5,39,21791,16019,"0.6616",29,29,0,27,0,27,"0.7700","896.74",3,528,244,"0.4624",5009,835,4174,3340,0,0,10854,9,6,5,"0.6667","0.8333","10.09","5.00",-86562,"4.1080",0,"-0.2068",0
"FIN-LOC003-202006","LOC003","East Valley Dental Care","2020-06-01",2020,6,"2020-06",21470,3067,0,1534,4601,0,4601,0,1534,6134,0,108587,69707,23236,1288,429,7056,429,1074,1074,644,429,215,1932,644,215,215,-87117,"-4.0576","4.3290","0.0800",30774,18772,6770,2462,2770,"43.0",115,41,2,31,19323,16012,"0.7458",14,14,0,12,0,12,"0.7900","1789.17",3,528,330,"0.6258",1534,4601,3067,0,4601,0,7668,6,4,3,"0.6667","0.7500","8.95","3.00",-92575,"-0.1132",0,"0.1116",0
"FIN-LOC003-202007","LOC003","East Valley Dental Care","2020-07-01",2020,7,"2020-07",39841,10546,2344,9374,5859,0,3515,0,3515,4687,0,118100,70679,23560,3187,398,7128,797,1594,1992,1594,1195,398,3586,797,398,797,-78259,"-1.9643","2.3654","0.0900",50465,32298,11607,5047,4542,"38.0",212,70,11,31,35857,29758,"0.7469",41,34,7,24,0,24,"0.8100","1660.04",3,528,294,"0.5577",0,3515,14062,8203,0,0,14062,9,6,5,"0.6667","0.8333","16.60","3.00",-88342,"0.8557",0,"-0.1017",0
"FIN-LOC003-202008","LOC003","East Valley Dental Care","2020-08-01",2020,8,"2020-08",13682,3774,4246,2831,1415,0,944,0,0,472,0,103845,68481,22827,684,137,7200,410,547,958,274,547,137,1095,274,137,137,-90163,"-6.5899","6.6736","0.0600",14138,7776,2969,1272,1131,"31.0",73,29,1,33,12314,9004,"0.6581",31,29,2,23,0,23,"0.8600","594.87",3,528,253,"0.4796",3303,1415,1887,3303,944,0,2831,10,6,4,"0.6000","0.6667","5.70","2.14",-94841,"-0.6566",0,"0.1521",0
"FIN-LOC003-202009","LOC003","East Valley Dental Care","2020-09-01",2020,9,"2020-09",8865,2955,1182,2364,0,591,0,0,591,591,591,99228,66614,22205,709,177,7128,266,355,355,177,177,89,621,89,89,177,-90363,"-10.1932","10.0191","0.0999",10934,6232,2624,1093,656,"37.0",47,18,2,30,7979,6954,"0.7844",15,15,0,13,0,13,"0.8300","681.92",3,528,297,"0.5620",0,2364,0,591,1773,0,4137,5,3,3,"0.6000","1.0000","3.69","3.75",-92274,"-0.3521",0,"0.0022",0
"FIN-LOC003-202010","LOC003","East Valley Dental Care","2020-10-01",2020,10,"2020-10",10539,3832,958,2395,1437,479,958,0,0,479,0,106253,71604,23868,738,105,7200,105,316,316,211,316,105,632,316,105,316,-95714,"-9.0819","9.0589","0.0800",15106,8913,3323,1360,906,"43.0",56,22,2,34,9485,7811,"0.7411",27,22,5,16,0,16,"0.8200","658.69",3,528,331,"0.6263",2874,479,1437,1916,958,0,2874,5,4,4,"0.8000","1.0000","4.39","5.00",-98442,"0.1888",0,"0.0592",0
"FIN-LOC003-202011","LOC003","East Valley Dental Care","2020-11-01",2020,11,"2020-11",9962,3321,1660,2906,830,0,830,0,0,415,0,93380,62019,20673,598,100,7200,100,498,398,299,299,100,598,199,100,199,-83418,"-8.3736","8.3007","0.0701",9962,5479,2491,797,797,"30.0",53,16,2,35,8966,6848,"0.6874",27,24,3,20,0,20,"0.7700","498.10",3,528,289,"0.5474",2491,415,0,2906,1245,0,2906,7,5,4,"0.7143","0.8000","4.15","3.75",-86532,"-0.0547",0,"-0.1285",0
"FIN-LOC003-202012","LOC003","East Valley Dental Care","2020-12-01",2020,12,"2020-12",37841,8800,6160,4400,6160,1760,4400,0,880,4400,880,115183,69744,23248,3027,378,7056,757,1514,1892,757,1135,378,3027,757,378,1135,-77342,"-2.0439","2.4574","0.0900",45409,27245,9536,4995,4087,"36.0",202,67,6,25,34057,21293,"0.5627",47,43,4,39,0,39,"0.7700","970.28",3,528,264,"0.5000",9680,6160,7040,0,6160,0,8800,12,8,7,"0.6667","0.8750","15.77","3.00",-93890,"2.7985",0,"-0.0728",0
"FIN-LOC003-202101","LOC003","East Valley Dental Care","2021-01-01",2021,1,"2021-01",10529,3790,2948,842,842,421,421,0,0,842,421,94812,62525,20842,632,211,7128,105,421,316,421,421,105,1053,211,105,316,-84283,"-8.0048","7.9178","0.0801",13688,8213,3011,1506,821,"39.0",56,17,1,39,9476,7313,"0.6946",28,25,3,20,0,20,"0.8400","526.45",3,528,254,"0.4813",421,1685,842,1263,2106,0,4212,10,6,5,"0.6000","0.8333","4.39","5.00",-87499,"-0.7218","-0.2585","0.0897","-0.0430"
"FIN-LOC003-202102","LOC003","East Valley Dental Care","2021-02-01",2021,2,"2021-02",23747,1131,3392,5654,4523,0,2262,0,1131,4523,1131,99176,61433,20478,1662,475,7056,475,950,1662,950,712,237,2137,237,237,475,-75429,"-3.1764","3.4493","0.0900",34829,19853,6966,4179,2090,"44.0",127,48,5,25,21372,15828,"0.6665",33,21,12,20,0,20,"0.8600","1187.35",3,528,275,"0.5204",3392,1131,7916,1131,3392,0,6785,9,6,5,"0.6667","0.8333","9.89","2.14",-83348,"1.2554","0.6877","-0.1051","-0.0674"
"FIN-LOC003-202103","LOC003","East Valley Dental Care","2021-03-01",2021,3,"2021-03",15602,5201,3310,2837,1891,0,946,0,0,1418,0,112091,73637,24546,1092,312,7200,312,624,624,468,624,156,1560,468,156,312,-96489,"-6.1844","6.2930","0.0900",19763,12055,4348,1779,1976,"38.0",83,26,2,31,14042,10650,"0.6826",43,33,10,32,0,32,"0.7900","487.56",3,528,228,"0.4311",1418,2364,1891,1418,2364,0,6146,13,9,7,"0.6923","0.7778","6.50","3.75",-101441,"-0.3430","0.2654","0.2792","0.0565"
"FIN-LOC003-202104","LOC003","East Valley Dental Care","2021-04-01",2021,4,"2021-04",21681,5913,2957,5913,986,0,1971,0,1971,986,986,110150,71033,23678,1301,434,7200,217,1084,650,434,650,217,1951,434,217,650,-88469,"-4.0805","4.3684","0.0800",28908,18790,6649,3180,2891,"40.0",116,41,5,28,19513,13542,"0.6246",25,22,3,20,0,20,"0.7900","1084.05",3,528,272,"0.5142",7884,4928,3942,1971,0,0,2957,9,6,5,"0.6667","0.8333","9.03","5.00",-96608,"0.3896","3.5741","-0.0831","-0.1046"
"FIN-LOC003-202105","LOC003","East Valley Dental Care","2021-05-01",2021,5,"2021-05",6608,4038,734,1101,0,0,734,0,0,0,0,97492,65783,21928,463,132,7272,66,330,264,264,132,66,396,198,66,132,-90884,"-13.7536","13.2735","0.0900",9912,5749,2082,1189,793,"45.0",35,12,1,27,5947,4900,"0.7416",21,18,3,15,0,15,"0.7900","440.53",3,528,298,"0.5644",734,0,2203,367,734,0,2570,5,4,3,"0.8000","0.7500","2.75","3.75",-92592,"-0.6952","-0.7271","0.0273","0.1597"
"FIN-LOC003-202106","LOC003","East Valley Dental Care","2021-06-01",2021,6,"2021-06",26753,10976,4116,2744,2058,0,1372,0,1372,2744,1372,110689,70499,23500,1873,268,7056,268,803,1605,803,535,268,1873,535,268,535,-83936,"-3.1374","3.5136","0.0800",27645,17140,6358,3041,1659,"31.0",143,49,7,26,24078,14807,"0.5535",42,39,3,35,0,35,"0.7900","764.37",3,528,246,"0.4654",6174,4116,4116,6174,2058,0,4116,14,10,9,"0.7143","0.9000","11.15","2.50",-95882,"3.0486","0.2461","-0.0764","-0.0365"
"FIN-LOC003-202107","LOC003","East Valley Dental Care","2021-07-01",2021,7,"2021-07",15160,5775,5053,2166,0,0,722,0,1444,0,0,108865,71759,23920,910,152,7272,303,606,758,455,455,152,1213,303,152,455,-93705,"-6.1811","6.3113","0.0701",20213,12128,4043,1819,1415,"40.0",81,32,2,31,13644,9882,"0.6519",21,21,0,17,0,17,"0.8900","891.76",3,528,309,"0.5844",722,2888,2166,6497,2166,0,722,8,5,4,"0.6250","0.8000","6.32","3.00",-98983,"-0.4333","-0.6195","0.1164","0.1974"
"FIN-LOC003-202108","LOC003","East Valley Dental Care","2021-08-01",2021,8,"2021-08",26346,7904,5269,5269,878,0,1756,0,1756,3513,0,109984,69131,23044,1581,527,7272,263,1054,1317,790,1054,263,2371,527,263,527,-83638,"-3.1746","3.4986","0.0800",36006,23404,7921,3241,3241,"41.0",141,45,6,36,23711,15291,"0.5804",38,30,8,27,0,27,"0.8900","975.78",3,528,245,"0.4635",4391,0,7026,6147,5269,0,3513,11,7,6,"0.6364","0.8571","10.98","3.00",-94693,"0.7379","0.9256","-0.1074","-0.0724"
"FIN-LOC003-202109","LOC003","East Valley Dental Care","2021-09-01",2021,9,"2021-09",33895,11093,6163,7395,1233,616,1849,0,616,3081,1849,111106,66943,22314,2712,339,7272,678,1017,2034,1017,1356,339,3051,678,339,1017,-77211,"-2.2779","2.6333","0.0900",46323,29647,11118,5096,4169,"41.0",181,63,7,36,30506,22303,"0.6580",57,55,2,47,0,47,"0.8000","721.17",3,528,156,"0.2952",6163,1233,1849,2465,4930,0,17256,15,10,7,"0.6667","0.7000","14.12","2.50",-88803,"0.2865","2.8235","-0.0768","-0.1455"
"FIN-LOC003-202110","LOC003","East Valley Dental Care","2021-10-01",2021,10,"2021-10",31755,12161,6756,4729,2027,0,3378,0,1351,676,676,112491,69678,23226,2223,318,7200,635,953,1588,1270,1270,318,2223,318,318,953,-80736,"-2.5425","2.9256","0.0800",46574,26547,9781,3726,2794,"44.0",169,54,8,34,28580,21215,"0.6681",56,47,9,46,0,46,"0.8700","690.33",3,528,194,"0.3677",2027,8108,4729,2703,4054,0,10135,22,17,13,"0.7727","0.7647","13.23","3.00",-91276,"-0.0631","2.0131","0.0457","-0.1565"
"FIN-LOC003-202111","LOC003","East Valley Dental Care","2021-11-01",2021,11,"2021-11",51323,15711,11521,5237,2095,1047,4190,0,6284,3142,2095,113679,64795,21598,3079,1026,7272,1540,2053,2053,2053,2053,513,3079,1026,513,1026,-62356,"-1.2150","1.6833","0.0800",53034,32351,11667,5834,4773,"31.0",274,93,14,29,46191,29083,"0.5667",56,49,7,42,0,42,"0.8200","1221.98",3,528,221,"0.4179",9427,4190,9427,15711,6284,0,6284,16,13,11,"0.8125","0.8462","21.38","3.75",-84596,"0.6162","4.1519","-0.2277","-0.2525"
"FIN-LOC003-202112","LOC003","East Valley Dental Care","2021-12-01",2021,12,"2021-12",41159,10492,8070,4842,8070,1614,807,0,2421,4035,807,119117,70555,23518,2881,823,7344,1235,2058,2470,1646,1235,412,2881,1235,412,412,-77958,"-1.8941","2.2856","0.0900",42531,25944,8506,4253,2977,"31.0",220,66,11,30,37043,26247,"0.6377",70,51,19,40,0,40,"0.7900","1028.97",3,528,222,"0.4200",3228,3228,4842,8877,3228,0,17755,18,14,11,"0.7778","0.7857","17.15","2.50",-92870,"-0.1980","0.0877","0.2502","0.0080"
"FIN-LOC003-202201","LOC003","East Valley Dental Care","2022-01-01",2022,1,"2022-01",33937,11941,5028,5028,3771,1257,2514,0,628,3142,628,106564,64034,21345,1697,679,7272,679,1357,2036,1357,1018,339,2715,679,339,1018,-72627,"-2.1401","2.5158","0.0700",47512,28982,9978,4276,2376,"42.0",181,72,4,40,30543,21310,"0.6279",58,54,4,35,0,35,"0.7600","969.63",3,528,239,"0.4529",10055,2514,3771,628,2514,0,14455,13,8,6,"0.6154","0.7500","14.14","2.50",-85254,"-0.1755","2.2232","-0.0684","-0.1383"
"FIN-LOC003-202202","LOC003","East Valley Dental Care","2022-02-01",2022,2,"2022-02",42718,8795,8795,3769,1256,0,10051,0,5026,2513,2513,107102,61737,20579,2563,854,7272,854,1282,2563,1282,1282,427,4272,854,427,854,-64384,"-1.5072","1.9270","0.0800",44142,26927,10153,3531,3090,"31.0",228,82,9,31,38446,33116,"0.7752",40,34,6,32,0,32,"0.8800","1334.94",3,528,266,"0.5043",2513,6282,3769,1256,6282,0,22615,12,9,7,"0.7500","0.7778","17.80","2.50",-73986,"0.2587","0.7989","-0.1135","-0.1464"
"FIN-LOC003-202203","LOC003","East Valley Dental Care","2022-03-01",2022,3,"2022-03",37971,12179,5731,7881,1433,716,4299,0,716,5015,0,118708,73272,24424,2658,759,7344,759,1519,1139,759,759,380,3038,759,380,759,-80737,"-2.1263","2.5729","0.0900",39237,23935,7847,3531,2354,"31.0",203,79,4,34,34174,22853,"0.6019",64,53,11,41,0,41,"0.8700","926.12",3,528,221,"0.4181",3582,4299,4299,6448,5015,0,14329,13,9,7,"0.6923","0.7778","15.82","5.00",-95855,"-0.1111","1.4337","0.2540","-0.1633"
"FIN-LOC003-202204","LOC003","East Valley Dental Care","2022-04-01",2022,4,"2022-04",32442,11018,4897,7957,1224,612,1836,0,1224,2448,1224,112331,69008,23003,2595,324,7344,324,973,1947,1298,649,324,2920,649,324,649,-79889,"-2.4625","2.8362","0.0900",37849,21195,8705,3785,3406,"35.0",173,54,9,31,29198,22772,"0.7019",54,53,1,36,0,36,"0.8900","901.17",3,528,250,"0.4738",1836,6121,4285,1224,3061,0,15915,17,12,10,"0.7059","0.8333","13.52","2.50",-89559,"-0.1456","0.4963","-0.0105","-0.0970"
"FIN-LOC003-202205","LOC003","East Valley Dental Care","2022-05-01",2022,5,"2022-05",63276,15340,11505,14381,8629,0,5752,0,4794,1917,959,122818,67621,22540,3797,633,7344,1266,2531,2531,2531,1898,633,6328,1266,633,1266,-59542,"-0.9410","1.4249","0.0700",63276,36700,13288,6960,6328,"30.0",337,108,10,26,56948,35738,"0.5648",70,66,4,48,0,48,"0.8000","1318.25",3,528,181,"0.3420",9587,5752,6711,14381,12463,0,14381,21,15,12,"0.7143","0.8000","26.36","3.75",-87080,"0.9504","8.5757","-0.2547","-0.3449"
"FIN-LOC003-202206","LOC003","East Valley Dental Care","2022-06-01",2022,6,"2022-06",26891,8403,1681,5042,5042,0,2521,0,840,3361,0,111494,70649,23550,1882,269,7344,269,1345,1076,538,538,269,2151,807,269,538,-84603,"-3.1461","3.5030","0.0800",39440,22086,9071,3550,1972,"44.0",143,49,3,33,24202,18400,"0.6842",34,32,2,27,0,27,"0.7900","995.96",3,528,281,"0.5315",3361,1681,3361,4202,3361,0,10924,10,8,6,"0.8000","0.7500","11.20","3.75",-93094,"-0.5750","0.0052","0.4209","0.0079"
"FIN-LOC003-202207","LOC003","East Valley Dental Care","2022-07-01",2022,7,"2022-07",46960,13417,9584,9584,3833,0,2875,0,4792,1917,958,113089,66032,22011,3287,939,7200,1409,1409,2348,939,1409,470,2818,1409,470,939,-66129,"-1.4082","1.8749","0.0900",46960,28176,9392,4696,3287,"30.0",250,93,8,32,42264,25189,"0.5364",55,49,6,48,0,48,"0.7600","978.33",3,528,173,"0.3280",5750,3833,3833,7667,6709,0,19167,19,13,10,"0.6842","0.7692","19.57","3.00",-87900,"0.7463","2.0976","-0.2184","-0.2943"
"FIN-LOC003-202208","LOC003","East Valley Dental Care","2022-08-01",2022,8,"2022-08",44640,14880,8503,7794,4960,709,2126,0,2126,2834,709,123592,72563,24188,3571,446,7200,1339,1786,2678,1786,893,446,4464,893,446,893,-78952,"-1.7686","2.1674","0.0900",53568,31069,12321,4821,4285,"36.0",238,88,7,40,40176,26536,"0.5944",71,63,8,56,0,56,"0.7700","797.14",3,528,232,"0.4396",3543,3543,4960,11337,7794,0,13463,18,14,12,"0.7778","0.8571","18.60","2.50",-97056,"-0.0494","0.6944","0.1939","-0.0560"
"FIN-LOC003-202209","LOC003","East Valley Dental Care","2022-09-01",2022,9,"2022-09",34802,5354,9370,8031,4685,0,2008,0,0,4016,1339,108480,66456,22152,2088,696,7344,696,1044,1740,1044,696,348,2436,1044,348,348,-73678,"-2.1171","2.5461","0.0800",45243,27146,9953,4072,4072,"39.0",186,56,6,31,31322,18320,"0.5264",58,52,6,45,0,45,"0.7800","773.38",3,528,195,"0.3692",6693,2677,2008,4685,5354,0,13385,22,17,12,"0.7727","0.7059","14.50","3.00",-90160,"-0.2204","0.0268","-0.0668","-0.0458"
"FIN-LOC003-202210","LOC003","East Valley Dental Care","2022-10-01",2022,10,"2022-10",45527,12885,1718,12885,4295,1718,2577,0,2577,5154,1718,115797,68867,22956,2732,455,7128,911,1821,1821,1366,1366,455,3187,1366,455,911,-70270,"-1.5435","2.0169","0.0700",57668,31717,13840,6343,4613,"38.0",243,83,7,34,40974,28437,"0.6246",68,53,15,46,0,46,"0.8000","989.72",3,528,186,"0.3523",9449,3436,6013,2577,5154,0,18898,16,10,9,"0.6250","0.9000","18.97","3.75",-87360,"0.3082","0.4337","-0.0463","-0.1296"
"FIN-LOC003-202211","LOC003","East Valley Dental Care","2022-11-01",2022,11,"2022-11",30271,10502,5560,6178,3089,618,618,0,1236,1236,1236,104418,64394,21465,1816,303,7056,605,908,1514,1211,908,303,2724,303,303,605,-74147,"-2.4494","2.8363","0.0700",41370,23581,8688,3723,3310,"41.0",161,55,6,31,27244,17015,"0.5621",58,49,9,44,0,44,"0.7600","687.98",3,528,191,"0.3621",0,6178,3707,5560,5560,0,9267,15,11,9,"0.7333","0.8182","12.61","3.00",-87403,"-0.3351","-0.4102","0.0552","0.1891"
"FIN-LOC003-202212","LOC003","East Valley Dental Care","2022-12-01",2022,12,"2022-12",38998,11249,6750,6750,4500,0,3000,0,1500,3750,1500,118117,71141,23714,2730,390,7272,1170,1560,1950,1170,1170,390,2730,1170,390,1170,-79119,"-2.0288","2.4323","0.0800",44198,26077,10608,4420,3978,"34.0",208,83,6,26,35098,24858,"0.6374",62,52,10,46,0,46,"0.8600","847.78",3,528,227,"0.4304",8250,1500,2250,8250,3750,0,14999,21,16,12,"0.7619","0.7500","16.25","3.00",-93259,"0.2883","-0.0525","0.0671","0.0149"
"FIN-LOC003-202301","LOC003","East Valley Dental Care","2023-01-01",2023,1,"2023-01",37242,8535,6207,5431,3104,2328,5431,0,776,4655,776,110706,67070,22357,2607,745,7128,745,1490,1862,1117,1117,372,2607,372,372,745,-73464,"-1.9726","2.4012","0.0900",45932,28478,9186,5053,3215,"37.0",199,74,6,29,33518,24118,"0.6476",63,48,15,36,0,36,"0.8600","1034.50",3,528,229,"0.4336",2328,3879,3104,5431,3879,0,18621,17,12,10,"0.7059","0.8333","15.52","3.00",-86588,"-0.0450","0.0974","-0.0715","0.0115"
"FIN-LOC003-202302","LOC003","East Valley Dental Care","2023-02-01",2023,2,"2023-02",35938,12835,5776,5776,4492,642,642,0,2567,1284,1925,101915,61496,20499,2156,359,7344,719,1078,1438,1078,1078,359,3234,359,359,359,-65977,"-1.8359","2.2816","0.0700",51511,32452,11332,4636,4121,"43.0",192,77,8,29,32344,19344,"0.5383",57,56,1,47,0,47,"0.8900","764.64",3,528,205,"0.3887",4492,3851,4492,8343,5134,0,9626,20,16,12,"0.8000","0.7500","14.97","3.75",-82571,"-0.0350","-0.1587","-0.1019","0.0247"
"FIN-LOC003-202303","LOC003","East Valley Dental Care","2023-03-01",2023,3,"2023-03",48577,10716,7144,12144,5001,714,3572,0,1429,5715,2143,122258,73487,24496,3400,486,7272,486,2429,1943,972,1457,486,3400,486,486,972,-73681,"-1.5168","2.0171","0.0800",51815,29535,11917,5182,5182,"32.0",259,85,8,25,43719,30136,"0.6204",75,68,7,62,0,62,"0.9000","783.50",3,528,221,"0.4189",12144,5001,7858,2143,7858,0,13573,19,15,13,"0.7895","0.8667","20.24","3.75",-92122,"0.3517","0.2793","0.1168","-0.0874"
"FIN-LOC003-202304","LOC003","East Valley Dental Care","2023-04-01",2023,4,"2023-04",51353,11596,9939,12424,6626,1657,2485,0,3313,3313,0,114276,66108,22036,3595,514,7128,1541,2568,2054,1541,1541,514,3081,514,514,1027,-62923,"-1.2253","1.7164","0.0800",58200,34338,13968,5238,2910,"34.0",274,96,5,39,46218,28039,"0.5460",78,62,16,49,0,49,"0.8400","1048.02",3,528,184,"0.3480",8283,5798,4970,9939,4970,0,17394,24,17,13,"0.7083","0.7647","21.40","3.75",-86237,"0.0571","0.5829","-0.1460","-0.2124"
"FIN-LOC003-202305","LOC003","East Valley Dental Care","2023-05-01",2023,5,"2023-05",43218,11132,9822,7858,3929,0,5239,0,655,3274,1310,115910,69863,23288,2161,432,7200,432,1729,2161,1297,1729,432,2593,864,432,1297,-72692,"-1.6820","2.1554","0.0600",59065,34258,12994,7088,5316,"41.0",230,76,9,40,38896,26995,"0.6246",77,66,11,57,0,57,"0.7800","758.21",3,528,189,"0.3573",6548,3929,5893,3274,9167,0,14406,26,19,17,"0.7308","0.8947","18.01","3.00",-88915,"-0.1584","-0.3170","0.1553","0.2209"
"FIN-LOC003-202306","LOC003","East Valley Dental Care","2023-06-01",2023,6,"2023-06",59867,17105,7483,8552,4276,2138,6414,0,5345,5345,3207,124317,69482,23161,3592,599,7128,1197,2993,4191,1796,1796,599,4191,1197,599,1796,-64450,"-1.0766","1.5475","0.0700",85809,48053,18020,9439,6007,"43.0",319,118,13,31,53880,34999,"0.5846",63,56,7,45,0,45,"0.8300","1330.38",3,528,233,"0.4404",9621,10691,4276,10691,10691,0,13898,21,14,11,"0.6667","0.7857","24.94","2.14",-89318,"0.3852","1.2263","-0.1134","-0.2382"
"FIN-LOC003-202307","LOC003","East Valley Dental Care","2023-07-01",2023,7,"2023-07",41437,12086,5180,6043,1727,1727,6043,0,1727,5180,1727,111194,66390,22130,2901,829,7344,414,1243,2486,1657,1243,414,2486,829,414,414,-69757,"-1.6834","2.1363","0.0900",41437,25277,8287,4558,2901,"30.0",221,71,7,40,37293,29404,"0.7096",61,48,13,34,0,34,"0.7700","1218.74",3,528,239,"0.4520",6906,2590,2590,0,11223,0,18129,17,13,11,"0.7647","0.8462","17.27","2.50",-81790,"-0.3078","-0.1176","0.0823","0.0549"
"FIN-LOC003-202308","LOC003","East Valley Dental Care","2023-08-01",2023,8,"2023-08",66555,21332,12799,6826,7679,853,5120,0,4266,5120,2560,131171,73563,24521,3328,666,7128,666,3328,4659,1997,2662,666,5324,1331,666,666,-64616,"-0.9709","1.4737","0.0600",82085,46788,19700,7388,4925,"37.0",355,128,7,40,59900,29136,"0.4378",94,78,16,70,0,70,"0.8000","950.79",3,528,190,"0.3607",11093,10239,9386,11093,8533,0,16212,21,15,11,"0.7143","0.7333","27.73","2.14",-102035,"0.6062","0.4909","-0.0737","-0.1816"
"FIN-LOC003-202309","LOC003","East Valley Dental Care","2023-09-01",2023,9,"2023-09",40919,15345,7388,7956,3410,0,3410,0,1137,568,1705,108567,65230,21743,2864,409,7272,409,1637,1228,1228,1228,409,3274,409,409,818,-67648,"-1.6532","2.1255","0.0800",42283,27484,8879,4651,2537,"31.0",218,70,9,40,36827,18315,"0.4476",74,72,2,65,3,62,"0.8500","629.52",3,528,146,"0.2764",6252,11366,3978,7956,6252,0,5115,20,13,9,"0.6500","0.6923","17.05","5.00",-90252,"-0.3852","0.1758","0.0469","-0.0818"
"FIN-LOC003-202310","LOC003","East Valley Dental Care","2023-10-01",2023,10,"2023-10",35297,11766,8824,6863,490,490,3432,0,490,1471,1471,113035,69737,23246,2118,706,7344,353,1059,2118,1059,706,353,3177,353,353,353,-77738,"-2.2024","2.6343","0.0800",44710,27273,10730,4471,4024,"38.0",188,68,6,31,31767,20975,"0.5942",81,72,9,69,0,69,"0.8100","511.55",3,528,124,"0.2346",6373,6863,3432,1961,1961,0,14707,22,15,13,"0.6818","0.8667","14.71","2.50",-92060,"-0.1374","-0.2247","0.1492","0.1063"
"FIN-LOC003-202311","LOC003","East Valley Dental Care","2023-11-01",2023,11,"2023-11",81070,20050,13948,11332,11332,2615,13076,0,3487,3487,1743,127037,64841,21614,6486,1621,7344,1621,4054,3243,1621,2432,811,7296,1621,811,1621,-45967,"-0.5670","1.0664","0.1000",99986,58992,21997,7999,6999,"37.0",432,173,9,30,72963,39589,"0.4883",105,93,12,79,0,79,"0.8600","1026.20",3,528,147,"0.2775",8717,19178,1743,20921,8717,0,21793,32,24,17,"0.7500","0.7083","33.78","3.75",-87448,"1.2968","1.6781","-0.4087","-0.3801"
"FIN-LOC003-202312","LOC003","East Valley Dental Care","2023-12-01",2023,12,"2023-12",74235,21890,13324,13324,1903,1903,5710,0,6662,7614,1903,119495,65347,21782,4454,742,7128,1485,2969,2227,1485,2969,742,5939,742,742,742,-45260,"-0.6097","1.1737","0.0700",103929,57161,23904,11432,5196,"42.0",396,127,16,35,66812,42106,"0.5672",88,78,10,52,0,52,"0.7500","1427.60",3,528,249,"0.4712",16179,15228,12373,3807,17131,0,9517,21,16,14,"0.7619","0.8750","30.93","5.00",-77389,"-0.0843","0.9036","-0.0154","-0.4280"
"FIN-LOC003-202401","LOC003","East Valley Dental Care","2024-01-01",2024,1,"2024-01",54513,13792,12479,9852,5911,1314,3284,0,1314,5254,1314,117201,66611,22204,3816,1090,7128,1090,1635,2726,1635,1090,545,4906,1090,545,1090,-62688,"-1.1500","1.6292","0.0900",76318,47317,19080,9158,6869,"42.0",291,87,9,39,49062,23026,"0.4224",95,83,12,68,0,68,"0.7500","801.66",3,528,114,"0.2160",11822,7881,10509,7881,0,0,16420,33,24,21,"0.7273","0.8750","22.71","3.00",-94175,"-0.2657","0.4638","0.3851","-0.1467"
"FIN-LOC003-202402","LOC003","East Valley Dental Care","2024-02-01",2024,2,"2024-02",45981,17030,8515,7380,4541,568,3406,0,1135,2271,1135,112260,64764,21588,2759,460,7056,1379,2299,1839,1839,1839,460,4138,460,460,920,-66279,"-1.4414","1.8780","0.0700",56710,31758,11909,5671,3970,"37.0",245,81,12,31,41383,25290,"0.5500",113,81,32,61,0,61,"0.7900","753.79",3,528,183,"0.3463",12489,6812,2838,9650,4541,0,9650,20,15,12,"0.7500","0.8000","19.16","3.75",-86970,"-0.1565","0.2795","0.0573","0.0046"
"FIN-LOC003-202403","LOC003","East Valley Dental Care","2024-03-01",2024,3,"2024-03",62621,19627,14954,6542,2804,0,7477,0,5608,2804,2804,123697,69417,23139,5010,626,7344,1252,1879,2505,1879,1879,626,5010,1879,626,626,-61076,"-0.9753","1.4780","0.0900",87669,51725,21917,8767,7014,"42.0",334,130,13,29,56359,34442,"0.5500",89,67,22,57,0,57,"0.8500","1098.61",3,528,160,"0.3023",5608,10281,12150,1869,13085,0,19627,18,12,10,"0.6667","0.8333","26.09","3.75",-89255,"0.3619","0.2891","-0.0785","-0.1711"
"FIN-LOC003-202404","LOC003","East Valley Dental Care","2024-04-01",2024,4,"2024-04",75363,26643,12941,15225,6090,1522,5329,0,4567,1522,1522,126792,70475,23492,4522,754,7200,754,2261,2261,2261,1507,754,6029,2261,754,1507,-51429,"-0.6824","1.2469","0.0700",97972,63682,21554,9797,9797,"39.0",402,149,16,35,67827,41740,"0.5538",129,99,30,76,0,76,"0.8600","991.62",3,528,127,"0.2412",12941,9896,3806,12941,10657,0,25121,25,18,15,"0.7200","0.8333","31.40","5.00",-85052,"0.2035","0.4675","-0.1580","-0.1827"
"FIN-LOC003-202405","LOC003","East Valley Dental Care","2024-05-01",2024,5,"2024-05",60829,17472,14237,12942,5824,0,4530,0,2588,2588,647,122233,69904,23301,3650,1217,7128,608,1825,3650,1825,1217,608,4258,1217,608,1217,-61404,"-1.0095","1.5322","0.0800",83133,48217,19121,9976,8313,"41.0",324,104,10,33,54746,30017,"0.4935",108,94,14,75,0,75,"0.8200","811.05",3,528,148,"0.2796",14884,7118,7118,7765,6471,0,17472,28,19,17,"0.6786","0.8947","25.35","2.50",-92216,"-0.1929","0.4075","0.1940","-0.1553"
"FIN-LOC003-202406","LOC003","East Valley Dental Care","2024-06-01",2024,6,"2024-06",59419,16539,13476,10414,5513,0,4288,0,613,5513,3063,119169,67097,22366,4159,1188,7128,1188,1783,3565,1783,2377,594,3565,594,594,1188,-59750,"-1.0056","1.5056","0.0900",65361,40524,15687,6536,6536,"33.0",317,120,13,30,53477,27642,"0.4652",116,97,19,75,0,75,"0.7600","792.25",3,528,95,"0.1796",13476,9189,2450,4901,5513,0,23890,35,23,20,"0.6571","0.8696","24.76","2.50",-91527,"-0.0232","-0.0075","-0.0269","-0.0729"
"FIN-LOC003-202407","LOC003","East Valley Dental Care","2024-07-01",2024,7,"2024-07",78242,18991,16712,12914,6837,2279,10635,0,3039,3798,3039,127314,70027,23342,3912,782,7344,1565,2347,2347,2347,3130,782,5477,1565,782,1565,-49072,"-0.6272","1.1933","0.0600",112147,70653,24672,13458,11215,"43.0",417,129,17,28,70418,30635,"0.3915",108,103,5,89,0,89,"0.8400","879.12",3,528,114,"0.2158",7596,17472,8356,11394,12154,0,21270,29,22,18,"0.7586","0.8182","32.60","5.00",-96679,"0.3168","0.8882","-0.1787","-0.2965"
"FIN-LOC003-202408","LOC003","East Valley Dental Care","2024-08-01",2024,8,"2024-08",96795,23992,21510,16546,7446,827,5791,0,4964,9100,6618,143667,71804,23935,7744,968,7272,1936,3872,5808,3872,3872,968,6776,1936,968,1936,-46872,"-0.4842","0.9891","0.0900",103248,65046,25812,8260,7227,"32.0",516,170,15,38,87116,47250,"0.4881",140,117,23,98,0,98,"0.7500","987.70",3,528,150,"0.2837",6618,21510,12410,10755,12410,0,33092,46,36,32,"0.7826","0.8889","40.33","2.50",-96417,"0.2371","0.4544","-0.0448","-0.2746"
"FIN-LOC003-202409","LOC003","East Valley Dental Care","2024-09-01",2024,9,"2024-09",64762,24746,14216,8424,5265,1053,3159,0,1053,4739,2106,116293,63794,21265,4533,648,7272,1295,3238,1943,1943,1295,648,5181,1295,648,1295,-51531,"-0.7957","1.3134","0.0800",79873,48723,16773,9585,5591,"37.0",345,124,17,36,58286,31464,"0.4858",148,123,25,100,3,97,"0.8700","647.62",3,528,114,"0.2150",12110,10004,4212,2633,13163,0,22640,42,32,27,"0.7619","0.8438","26.98","5.00",-84829,"-0.3309","0.5827","0.0994","-0.2382"
"FIN-LOC003-202410","LOC003","East Valley Dental Care","2024-10-01",2024,10,"2024-10",101933,25842,17228,20817,10768,2154,9332,0,3589,9332,2871,150944,72533,24178,8155,1019,7344,3058,5097,7135,4077,3058,1019,9174,2039,1019,2039,-49011,"-0.4808","0.9488","0.0900",152900,88682,33638,12232,12232,"45.0",544,180,16,30,91740,56592,"0.5552",153,142,11,107,0,107,"0.9000","952.64",3,528,153,"0.2896",9332,16510,15792,7178,17228,0,35892,46,30,26,"0.6522","0.8667","42.47","2.14",-94352,"0.5740","1.8879","-0.0489","-0.3695"
"FIN-LOC003-202411","LOC003","East Valley Dental Care","2024-11-01",2024,11,"2024-11",89225,23923,19397,15517,7112,647,7112,0,1940,9698,3879,123732,62583,20861,5354,892,7272,1785,2677,5354,2677,2677,892,6246,1785,892,1785,-34507,"-0.3867","0.9352","0.0700",104096,59335,24983,8328,6246,"35.0",476,152,19,26,80303,43609,"0.4888",157,138,19,112,0,112,"0.8700","796.65",3,528,178,"0.3371",12931,15517,14871,5819,16811,0,23276,50,33,23,"0.6600","0.6970","37.18","2.50",-80123,"-0.1247","0.1006","-0.2959","-0.2493"
"FIN-LOC003-202412","LOC003","East Valley Dental Care","2024-12-01",2024,12,"2024-12",106318,33270,18081,20251,10849,2170,7956,0,5063,4340,4340,136794,67585,22528,6379,2126,7344,1063,4253,6379,3190,3190,1063,7442,2126,1063,1063,-30476,"-0.2866","0.8476","0.0800",109862,68114,24170,12085,8789,"31.0",567,181,23,34,95686,51288,"0.4824",179,147,32,109,0,109,"0.8300","975.39",3,528,139,"0.2632",15912,10849,15188,13742,7233,0,43395,51,36,26,"0.7059","0.7222","44.30","2.50",-85506,"0.1916","0.4322","-0.1168","-0.3266"
"FIN-LOC003-202501","LOC003","East Valley Dental Care","2025-01-01",2025,1,"2025-01",68798,20962,15050,11825,6450,2150,4837,0,537,4837,2150,125345,67861,22620,4128,1376,7344,2064,2064,2064,2752,2064,688,6192,1376,688,2064,-56547,"-0.8219","1.3152","0.0800",82558,46232,18163,6605,8256,"36.0",367,132,11,32,61918,30436,"0.4424",153,128,25,104,0,104,"0.8000","661.52",3,528,140,"0.2644",11825,7525,12362,5912,10750,0,20424,40,31,26,"0.7750","0.8387","28.67","5.00",-94909,"-0.3529","0.2620","0.8555","-0.0980"
"FIN-LOC003-202502","LOC003","East Valley Dental Care","2025-02-01",2025,2,"2025-02",73770,29313,16610,13191,3420,489,5863,0,1466,1466,1954,117678,61226,20409,3689,1475,7272,1475,2951,4426,2213,2213,738,5902,738,738,2213,-43908,"-0.5952","1.1066","0.0700",83606,51836,17557,6688,6688,"34.0",393,130,20,30,66393,30855,"0.4183",183,151,32,133,0,133,"0.7600","554.66",3,528,125,"0.2374",9771,8305,11725,8305,9282,0,26381,51,39,30,"0.7647","0.7692","30.74","2.50",-86823,"0.0723","0.6044","-0.2235","-0.3375"
"FIN-LOC003-202503","LOC003","East Valley Dental Care","2025-03-01",2025,3,"2025-03",139746,36334,24223,24223,11180,4658,10248,0,10248,14906,3727,158806,69632,23211,8385,1397,7272,4192,6987,5590,4192,5590,1397,13975,1397,1397,4192,-19060,"-0.1364","0.6644","0.0700",172353,108582,41365,17235,17235,"37.0",745,298,22,26,125771,60575,"0.4335",170,150,20,116,0,116,"0.8600","1204.71",3,528,130,"0.2458",23291,18633,16770,7453,23291,0,50309,55,39,32,"0.7091","0.8205","58.23","3.75",-98231,"0.8943","1.2316","-0.5659","-0.6879"
"FIN-LOC003-202504","LOC003","East Valley Dental Care","2025-04-01",2025,4,"2025-04",223467,20908,52386,48825,19484,13671,19989,12982,20035,10454,4733,89045,2831,944,13408,4469,7056,2235,11173,8939,6704,6704,2235,13408,2235,2235,4469,134422,"0.6015","0.0169","0.0800",238365,131101,50057,19069,11918,"32.0",1192,393,36,38,201120,198886,"0.8900",0,0,0,0,0,0,"0.8800","Infinity",3,528,459,"0.8700",67411,37413,24268,20223,18875,12583,42694,0,0,0,"NaN","NaN","93.11","3.75",109841,"0.5991","1.9652","-8.0526","-3.6137"
"FIN-LOC004-202001","LOC004","North Portland Family Dental","2020-01-01",2020,1,"2020-01",21856,5464,4553,2732,911,1821,1821,0,911,3643,0,108997,68424,22808,1530,437,8585,656,874,874,874,656,219,1967,437,219,437,-87141,"-3.9871","4.1742","0.0900",26956,15634,6739,2426,1348,"37.0",117,43,4,26,19670,16331,"0.7472",29,24,5,18,0,18,"0.8800","1214.22",4,704,392,"0.5568",0,7285,4553,911,911,0,8196,8,6,5,"0.7500","0.8333","8.41","3.75",-92666,0,0,0,0
"FIN-LOC004-202002","LOC004","North Portland Family Dental","2020-02-01",2020,2,"2020-02",14049,6764,2602,1561,1041,520,520,0,520,520,0,98761,63631,21210,983,140,8585,281,421,702,421,421,140,1124,281,140,281,-84712,"-6.0298","6.0389","0.0799",16859,9441,3540,1854,1349,"36.0",75,23,3,33,12644,10004,"0.7121",27,27,0,23,0,23,"0.8400","610.83",4,704,389,"0.5525",2602,1041,1561,2602,1561,0,4683,9,6,5,"0.6667","0.8333","5.40","3.00",-88757,"-0.3572",0,"-0.0279",0
"FIN-LOC004-202003","LOC004","North Portland Family Dental","2020-03-01",2020,3,"2020-03",23739,9711,1079,5395,2158,0,1079,0,2158,2158,0,112942,71389,23796,1899,475,8500,237,950,1424,475,712,237,1424,475,237,712,-89203,"-3.7577","4.0096","0.1000",29278,18738,7320,2342,2635,"37.0",127,42,5,34,21365,17193,"0.7242",22,22,0,15,0,15,"0.8000","1582.60",4,704,403,"0.5727",0,1079,0,8632,5395,0,8632,6,5,4,"0.8333","0.8000","9.13","2.50",-95749,"0.6897",0,"0.0530",0
"FIN-LOC004-202004","LOC004","North Portland Family Dental","2020-04-01",2020,4,"2020-04",2954,369,369,369,1108,369,0,0,0,0,369,105093,71408,23803,236,30,8670,59,118,148,59,118,30,266,59,30,59,-102139,"-34.5765","32.2312","0.0900",3348,2076,837,402,167,"34.0",16,6,1,27,2659,2454,"0.8308",18,8,10,4,0,4,"0.8100","738.50",4,704,496,"0.7050",739,369,1477,0,0,0,369,2,1,1,"0.5000","1.0000","1.14","2.99",-102639,"-0.8756",0,"0.1450",0
"FIN-LOC004-202005","LOC004","North Portland Family Dental","2020-05-01",2020,5,"2020-05",17891,7048,2711,2169,542,1084,1084,0,542,1626,1084,104971,67260,22420,1252,179,8670,179,895,537,537,537,179,1431,358,179,358,-87080,"-4.8673","5.0126","0.0800",23855,13359,5248,2147,2386,"40.0",95,35,4,32,16102,13118,"0.7332",40,33,7,26,0,26,"0.7800","688.12",4,704,386,"0.5488",2711,542,4337,2711,1626,0,5964,10,7,6,"0.7000","0.8571","6.88","5.00",-91853,"5.0565",0,"-0.1474",0
"FIN-LOC004-202006","LOC004","North Portland Family Dental","2020-06-01",2020,6,"2020-06",8181,2045,2045,511,0,511,2045,0,0,0,1023,106040,70634,23545,654,164,8670,164,327,245,245,164,82,736,164,82,164,-97859,"-11.9617","11.5119","0.1000",8454,5241,1860,1014,592,"31.0",44,14,2,25,7363,6236,"0.7623",23,16,7,14,0,14,"0.8800","584.36",4,704,466,"0.6623",2557,1534,0,2045,0,0,2045,5,3,3,"0.6000","1.0000","3.15","5.01",-99804,"-0.5427",0,"0.1238",0
"FIN-LOC004-202007","LOC004","North Portland Family Dental","2020-07-01",2020,7,"2020-07",26502,15705,982,982,1963,0,0,0,2945,2945,982,114574,72464,24155,1590,265,8415,530,1325,1060,795,530,265,1855,530,265,530,-88072,"-3.3232","3.6457","0.0700",39753,23454,9938,4373,2385,"45.0",141,48,6,33,23852,18297,"0.6904",31,27,4,26,0,26,"0.7600","1019.31",4,704,367,"0.5212",4908,2945,3926,3926,3926,0,6871,9,6,4,"0.6667","0.6667","10.19","3.75",-96277,"2.2395",0,"-0.1000",0
"FIN-LOC004-202008","LOC004","North Portland Family Dental","2020-08-01",2020,8,"2020-08",12925,5170,2585,0,1034,517,1034,0,0,1551,1034,107841,70496,23499,905,259,8415,259,388,776,388,388,129,1034,388,129,388,-94916,"-7.3436","7.2723","0.0901",15079,9349,3619,1357,905,"35.0",69,27,3,34,11633,10390,"0.8038",32,25,7,17,0,17,"0.8500","760.29",4,704,414,"0.5881",517,2585,0,1034,517,0,8272,5,3,2,"0.6000","0.6667","4.97","2.50",-97451,"-0.5123",0,"0.0777",0
"FIN-LOC004-202009","LOC004","North Portland Family Dental","2020-09-01",2020,9,"2020-09",6138,3069,1023,1023,0,341,341,0,0,341,0,101287,68060,22687,368,123,8330,123,184,246,123,184,61,491,123,61,123,-95149,"-15.5016","14.7845","0.0800",6547,4256,1637,524,655,"32.0",33,10,1,37,5524,4461,"0.7268",18,18,0,18,0,18,"0.8400","341.00",4,704,399,"0.5672",1023,1705,0,682,1023,0,1705,8,6,5,"0.7500","0.8333","2.36","3.74",-96826,"-0.5251",0,"0.0025",0
"FIN-LOC004-202010","LOC004","North Portland Family Dental","2020-10-01",2020,10,"2020-10",8077,2019,1514,2019,505,0,1010,0,0,0,1010,110327,73637,24546,646,81,8670,242,323,485,242,242,81,727,162,81,162,-102250,"-12.6594","12.1559","0.0900",8077,4765,1938,727,565,"30.0",43,13,1,31,7269,6602,"0.8174",23,16,7,11,0,11,"0.8500","734.27",4,704,479,"0.6800",0,2019,3534,0,0,0,2524,3,2,2,"0.6667","1.0000","3.11","2.50",-103725,"0.3159",0,"0.0746",0
"FIN-LOC004-202011","LOC004","North Portland Family Dental","2020-11-01",2020,11,"2020-11",15275,5455,3273,0,3273,1091,0,0,2182,0,0,97928,62945,20982,917,306,8500,306,611,611,458,458,153,1069,306,153,153,-82653,"-5.4110","5.4944","0.0801",22403,13890,5377,2240,1344,"44.0",81,27,4,31,13748,12559,"0.8222",20,14,6,6,0,6,"0.7700","2545.83",4,704,474,"0.6739",1091,0,5455,0,0,0,8729,2,2,2,"1.0000","1.0000","5.88","3.75",-85369,"0.8912",0,"-0.1917",0
"FIN-LOC004-202012","LOC004","North Portland Family Dental","2020-12-01",2020,12,"2020-12",23872,5305,2652,7957,0,884,1768,0,1768,1768,1768,112167,71126,23709,1671,477,8500,477,955,716,477,955,239,2148,239,239,239,-88295,"-3.6987","3.9726","0.0900",23872,13607,5013,2865,1671,"30.0",127,47,5,34,21485,17528,"0.7342",38,27,11,19,0,19,"0.7700","1256.42",4,704,425,"0.6038",1768,884,884,10610,0,0,9726,7,4,3,"0.5714","0.7500","9.18","5.00",-94639,"0.5628",0,"0.0683",0
"FIN-LOC004-202101","LOC004","North Portland Family Dental","2021-01-01",2021,1,"2021-01",17444,4361,4984,2492,1246,1869,623,0,623,1246,0,100679,64029,21343,1047,349,8330,349,698,1221,349,523,174,1221,349,174,523,-83235,"-4.7716","4.8941","0.0800",24422,14653,5373,2686,1221,"42.0",93,34,3,31,15700,13163,"0.7546",34,28,6,20,0,20,"0.8900","872.20",4,704,355,"0.5046",623,2492,1869,0,3738,0,8722,7,4,3,"0.5714","0.7500","6.71","2.14",-87516,"-0.2693","-0.2019","-0.0573","-0.0448"
"FIN-LOC004-202102","LOC004","North Portland Family Dental","2021-02-01",2021,2,"2021-02",17291,6288,1572,2358,1572,3144,786,0,1572,0,0,98522,62264,20755,1383,346,8585,346,692,692,519,519,173,1556,346,173,173,-81231,"-4.6979","4.8013","0.1000",17291,11239,3458,1383,1383,"30.0",92,31,3,28,15562,12239,"0.7078",29,22,7,19,0,19,"0.8000","910.05",4,704,394,"0.5600",1572,0,4716,3930,3144,0,3930,9,6,5,"0.6667","0.8333","6.65","3.75",-86283,"-0.0088","0.2308","-0.0241","-0.0411"
"FIN-LOC004-202103","LOC004","North Portland Family Dental","2021-03-01",2021,3,"2021-03",10943,3456,1728,2304,576,576,2304,0,0,0,0,112162,74300,24767,766,219,8500,328,438,657,328,219,109,766,328,109,328,-101219,"-9.2497","9.0530","0.0900",12402,7317,2604,992,620,"34.0",58,19,2,35,9849,7863,"0.7185",22,19,3,19,0,19,"0.7700","575.95",4,704,374,"0.5315",0,4032,0,1728,1152,0,4032,7,5,4,"0.7143","0.8000","4.21","2.50",-104299,"-0.3671","-0.5390","0.2461","0.1347"
"FIN-LOC004-202104","LOC004","North Portland Family Dental","2021-04-01",2021,4,"2021-04",19587,2880,2880,8065,2304,1152,1152,0,0,576,576,111053,71626,23875,979,392,8500,588,588,783,783,392,196,1371,392,196,392,-91466,"-4.6697","4.8757","0.0700",19587,11752,4309,2350,1763,"30.0",104,38,3,26,17628,14095,"0.7196",42,34,8,27,0,27,"0.8000","725.44",4,704,376,"0.5346",3457,1728,3457,3457,2304,0,5185,12,9,8,"0.7500","0.8889","7.53","3.75",-96958,"0.7899","5.6307","-0.0964","-0.1045"
"FIN-LOC004-202105","LOC004","North Portland Family Dental","2021-05-01",2021,5,"2021-05",16790,6499,1625,3791,1083,0,542,0,542,542,2166,104925,67596,22532,1343,336,8415,336,504,504,504,504,168,1343,168,168,504,-88135,"-5.2493","5.3680","0.1000",24625,14282,5418,2955,2463,"44.0",90,35,4,30,15111,11740,"0.6992",36,31,5,26,0,26,"0.8600","645.77",4,704,368,"0.5232",2166,0,1083,5958,1083,0,6499,12,7,6,"0.5833","0.8571","6.46","5.00",-93185,"-0.1428","-0.0615","-0.0364","0.0121"
"FIN-LOC004-202106","LOC004","North Portland Family Dental","2021-06-01",2021,6,"2021-06",11891,3201,3201,2744,0,457,915,0,0,1372,0,109121,71834,23945,713,119,8585,238,595,713,238,357,119,1189,238,119,119,-97230,"-8.1768","8.0547","0.0700",17044,10226,3750,1875,1534,"43.0",63,24,2,25,10702,9275,"0.7800",36,26,10,23,0,23,"0.8700","517.00",4,704,347,"0.4927",1372,457,2287,1372,0,0,6403,9,6,4,"0.6667","0.6667","4.57","2.50",-99846,"-0.2918","0.4535","0.1032","-0.0064"
"FIN-LOC004-202107","LOC004","North Portland Family Dental","2021-07-01",2021,7,"2021-07",13086,3965,3965,1190,1586,397,793,0,0,397,793,111586,73261,24420,916,131,8670,131,654,654,523,262,131,1047,262,131,393,-98500,"-7.5271","7.4645","0.0800",19629,11581,4122,2355,1178,"45.0",70,27,2,40,11777,8986,"0.6867",42,33,9,23,0,23,"0.8700","568.96",4,704,347,"0.4933",1983,0,1586,4362,0,0,5155,10,8,6,"0.8000","0.7500","5.03","3.00",-102600,"0.1005","-0.5062","0.0131","0.1184"
"FIN-LOC004-202108","LOC004","North Portland Family Dental","2021-08-01",2021,8,"2021-08",21855,3544,3544,7088,1772,2363,1181,0,591,591,1181,113258,71847,23949,1311,219,8500,656,874,874,874,656,219,2186,437,219,437,-91403,"-4.1822","4.3833","0.0700",26226,15736,6294,2885,2623,"36.0",117,46,4,38,19670,13130,"0.6008",46,37,9,31,0,31,"0.8400","705.00",4,704,333,"0.4731",1772,1772,9451,3544,1772,0,3544,10,7,5,"0.7000","0.7143","8.41","3.75",-100128,"0.6701","0.6909","-0.0721","-0.0370"
"FIN-LOC004-202109","LOC004","North Portland Family Dental","2021-09-01",2021,9,"2021-09",27439,6860,4116,4802,2744,2744,2058,0,686,1372,2058,110081,68286,22762,1921,549,8330,274,1098,1098,549,1098,274,2470,549,274,549,-82642,"-3.0118","3.3182","0.0900",29268,18732,5854,2341,2049,"32.0",146,45,4,28,24695,16485,"0.6008",44,40,4,33,0,33,"0.8300","831.48",4,704,257,"0.3648",4802,3430,5488,0,4116,0,9604,14,9,7,"0.6429","0.7778","10.55","3.75",-93596,"0.2555","3.4703","-0.0959","-0.1314"
"FIN-LOC004-202110","LOC004","North Portland Family Dental","2021-10-01",2021,10,"2021-10",19733,5116,4385,5116,0,731,1462,0,731,2193,0,112037,71141,23714,1381,395,8500,395,987,1381,395,789,197,1973,395,197,197,-92304,"-4.6776","4.8069","0.0900",24995,13997,5499,2749,2000,"38.0",105,35,3,35,17760,14959,"0.7581",38,27,11,23,0,23,"0.8700","857.96",4,704,416,"0.5904",4385,3654,0,2923,2193,0,6578,9,6,5,"0.6667","0.8333","7.59","2.14",-97078,"-0.2808","1.4431","0.1169","-0.0973"
"FIN-LOC004-202111","LOC004","North Portland Family Dental","2021-11-01",2021,11,"2021-11",16730,5413,3936,2952,492,492,492,0,492,1476,984,102305,65209,21736,1338,335,8500,502,669,1171,335,335,167,1171,335,167,335,-85575,"-5.1151","5.1970","0.1000",17288,9681,3976,1729,1383,"31.0",89,30,4,33,15057,11788,"0.7046",37,34,3,27,0,27,"0.8800","619.63",4,704,294,"0.4179",0,492,1968,1968,1968,0,10333,9,6,4,"0.6667","0.6667","6.43","2.14",-90517,"-0.1522","0.0953","-0.0729","0.0354"
"FIN-LOC004-202112","LOC004","North Portland Family Dental","2021-12-01",2021,12,"2021-12",10011,3797,2071,2071,690,0,0,0,0,690,690,108504,71798,23933,601,200,8670,300,400,501,400,200,100,801,300,100,200,-98493,"-9.8385","9.5626","0.0800",12347,7902,2469,1111,864,"37.0",53,18,3,27,9010,6877,"0.6869",36,29,7,24,0,24,"0.7700","417.13",4,704,410,"0.5819",690,3452,0,2071,1036,0,2762,9,6,4,"0.6667","0.6667","3.85","3.00",-101627,"-0.4016","-0.5806","0.1510","0.1155"
"FIN-LOC004-202201","LOC004","North Portland Family Dental","2022-01-01",2022,1,"2022-01",34173,11619,7518,6835,0,1367,4784,0,1367,683,0,110891,65708,21903,2734,342,8585,683,1025,1709,1025,1367,342,3076,1025,342,1025,-76718,"-2.2450","2.5637","0.0900",36451,20413,7655,2916,1823,"32.0",182,64,4,32,30756,21771,"0.6371",55,50,5,33,0,33,"0.8900","1035.55",4,704,312,"0.4433",5468,2050,2050,7518,3417,0,13669,12,8,6,"0.6667","0.7500","13.14","3.00",-89120,"2.4135","0.9590","-0.2211","-0.0783"
"FIN-LOC004-202202","LOC004","North Portland Family Dental","2022-02-01",2022,2,"2022-02",40098,9002,5728,8183,6547,1637,2455,0,1637,3273,1637,107901,62885,20962,2406,401,8415,802,1604,1604,802,802,401,4010,1203,401,1203,-67803,"-1.6909","2.0911","0.0700",56137,30875,14034,4491,3368,"42.0",214,81,6,25,36088,24373,"0.6078",56,49,7,40,0,40,"0.7600","1002.45",4,704,339,"0.4822",7365,4092,2455,10638,4092,0,11457,14,11,10,"0.7857","0.9091","15.42","3.75",-83528,"0.1734","1.3190","-0.1162","-0.1653"
"FIN-LOC004-202203","LOC004","North Portland Family Dental","2022-03-01",2022,3,"2022-03",33320,11945,6287,3143,2515,629,5029,0,629,1886,1257,120965,74667,24889,2332,333,8415,666,1333,1999,1000,666,333,2666,1000,333,333,-87645,"-2.6304","2.9879","0.0800",37763,23791,8308,3399,2643,"34.0",178,68,5,34,29988,18869,"0.5663",59,53,6,44,0,44,"0.8100","757.27",4,704,274,"0.3889",9430,2515,2515,4401,6915,0,7544,14,9,8,"0.6429","0.8889","12.82","2.50",-102096,"-0.1690","2.0449","0.2926","-0.1341"
"FIN-LOC004-202204","LOC004","North Portland Family Dental","2022-04-01",2022,4,"2022-04",14029,5817,1369,4106,1027,342,0,0,342,342,684,108528,70878,23626,1122,140,8415,140,701,701,421,421,140,1122,421,140,140,-94499,"-6.7360","6.7363","0.0900",18238,10213,4377,2006,1277,"39.0",75,25,2,26,12626,8131,"0.5796",52,41,11,36,0,36,"0.8300","389.69",4,704,315,"0.4469",2053,2395,342,3764,3080,0,2395,14,8,6,"0.5714","0.7500","5.40","3.00",-100397,"-0.5790","-0.2838","0.0782","0.0332"
"FIN-LOC004-202205","LOC004","North Portland Family Dental","2022-05-01",2022,5,"2022-05",36731,9948,6887,4591,1530,3061,3826,0,1530,4591,765,117741,69259,23086,2571,735,8500,735,1837,2571,1469,1469,367,2938,1102,367,735,-81010,"-2.2055","2.5141","0.0900",53872,32862,11852,6465,4310,"44.0",196,73,10,35,33058,25594,"0.6968",58,48,10,34,0,34,"0.7800","1080.32",4,704,251,"0.3572",4591,3826,3061,3061,765,0,21426,13,9,8,"0.6923","0.8889","14.13","2.14",-92147,"1.6182","1.1877","-0.1427","-0.0808"
"FIN-LOC004-202206","LOC004","North Portland Family Dental","2022-06-01",2022,6,"2022-06",14943,6973,2491,996,1494,0,498,0,498,996,996,109817,72242,24081,897,149,8415,299,598,448,299,299,149,1494,149,149,149,-94874,"-6.3491","6.4460","0.0700",16935,9484,4234,1863,1016,"34.0",80,28,3,34,13449,10690,"0.7154",33,30,3,28,0,28,"0.7800","533.68",4,704,328,"0.4662",1494,996,1992,2989,1992,0,5479,10,6,5,"0.6000","0.8333","5.75","5.00",-99127,"-0.5932","0.2567","0.1711","-0.0242"
"FIN-LOC004-202207","LOC004","North Portland Family Dental","2022-07-01",2022,7,"2022-07",28604,7334,6601,5134,3667,0,2934,0,733,2200,0,107938,66213,22071,2002,286,8500,572,1430,1716,858,572,286,1716,572,286,858,-79334,"-2.7735","3.0864","0.0800",38139,23646,9153,4577,3433,"40.0",153,49,6,34,25744,17174,"0.6004",51,39,12,32,0,32,"0.7900","893.88",4,704,323,"0.4584",4401,2934,5867,2934,5867,0,6601,15,11,8,"0.7333","0.7273","11.00","2.50",-90764,"0.9142","1.1858","-0.1638","-0.1946"
"FIN-LOC004-202208","LOC004","North Portland Family Dental","2022-08-01",2022,8,"2022-08",44531,14844,8594,4687,3125,1562,6250,0,2344,2344,781,126947,74538,24846,3117,891,8415,1336,1336,2672,1336,1336,445,3562,1336,445,1336,-82416,"-1.8508","2.2318","0.0900",59375,38594,11875,6531,5344,"40.0",237,83,9,27,40078,23486,"0.5274",68,57,11,45,0,45,"0.7900","989.58",4,704,246,"0.3493",10156,10156,7031,7812,3125,0,6250,18,13,11,"0.7222","0.8462","17.13","2.50",-103461,"0.5568","1.0376","0.0388","-0.0983"
"FIN-LOC004-202209","LOC004","North Portland Family Dental","2022-09-01",2022,9,"2022-09",44929,8521,3873,12394,5422,775,5422,0,0,6197,2324,116799,67745,22582,2696,899,8500,899,1797,2246,1348,1348,449,4044,449,449,1348,-71870,"-1.5996","2.0104","0.0800",44929,25160,9884,5391,3145,"30.0",240,82,10,27,40436,28036,"0.6240",66,58,8,48,0,48,"0.8800","936.02",4,704,270,"0.3840",6197,10070,7746,1549,7746,0,11620,14,10,8,"0.7143","0.8000","17.28","3.00",-88763,"0.0089","0.6374","-0.1280","-0.1303"
"FIN-LOC004-202210","LOC004","North Portland Family Dental","2022-10-01",2022,10,"2022-10",67469,20584,11435,9148,2287,1144,6861,0,8005,5718,2287,129351,70397,23466,5398,1349,8500,1349,2699,2699,2024,2024,675,5398,1349,675,1349,-61882,"-0.9172","1.3912","0.1000",85461,51277,19656,6837,8546,"38.0",360,126,11,32,60722,43050,"0.6381",73,59,14,51,0,51,"0.7800","1322.92",4,704,246,"0.3488",10292,6861,3431,12579,10292,0,24014,18,12,9,"0.6667","0.7500","25.95","3.75",-86301,"0.5017","2.4191","-0.1390","-0.3296"
"FIN-LOC004-202211","LOC004","North Portland Family Dental","2022-11-01",2022,11,"2022-11",30641,6726,4484,7473,3737,747,3737,0,747,2242,747,109730,65914,21971,2451,613,8670,613,919,2145,919,1226,306,2451,613,306,613,-79089,"-2.5811","2.8682","0.1000",43919,25912,9223,4392,3953,"43.0",163,60,3,32,27577,20108,"0.6563",51,41,10,30,0,30,"0.8600","1021.37",4,704,357,"0.5067",6726,4484,5231,3737,4484,0,5979,13,10,7,"0.7692","0.7000","11.79","2.14",-89622,"-0.5459","0.8315","0.2781","-0.0758"
"FIN-LOC004-202212","LOC004","North Portland Family Dental","2022-12-01",2022,12,"2022-12",34687,11149,6814,5575,1858,1239,1858,0,1858,1239,3097,120895,73954,24651,1734,694,8415,1041,1387,1734,694,1387,347,3469,347,347,694,-86208,"-2.4853","2.8427","0.0700",38156,22512,8776,3434,2289,"33.0",185,56,9,35,31218,19913,"0.5741",60,56,4,44,0,44,"0.8200","788.34",4,704,236,"0.3359",6194,4336,1858,4336,6194,0,11769,13,9,7,"0.6923","0.7778","13.34","3.00",-100982,"0.1320","2.4649","0.0900","-0.1247"
"FIN-LOC004-202301","LOC004","North Portland Family Dental","2023-01-01",2023,1,"2023-01",18623,6929,3898,3032,866,0,866,0,433,433,2165,107589,68236,22745,1304,372,8415,559,745,1117,372,745,186,1676,559,186,372,-88966,"-4.7772","4.8854","0.0900",27935,16761,6425,2794,1955,"45.0",99,35,4,38,16761,11978,"0.6432",62,43,19,35,0,35,"0.7700","532.09",4,704,245,"0.3476",1732,3898,1299,1299,1732,0,8662,13,8,6,"0.6154","0.7500","7.16","2.50",-95611,"-0.4631","-0.4550","0.0320","0.1596"
"FIN-LOC004-202302","LOC004","North Portland Family Dental","2023-02-01",2023,2,"2023-02",30045,7154,7869,6438,2861,1431,715,0,1431,2146,0,102695,61797,20599,2103,300,8585,901,1502,901,901,901,300,2103,901,300,601,-72650,"-2.4180","2.7424","0.0800",43065,25408,10336,3876,3876,"43.0",160,56,6,37,27041,19660,"0.6543",48,42,6,33,0,33,"0.8700","910.45",4,704,245,"0.3474",2861,5723,1431,1431,3577,0,15023,15,12,10,"0.8000","0.8333","11.56","5.00",-83035,"0.6133","-0.2507","-0.1834","0.0715"
"FIN-LOC004-202303","LOC004","North Portland Family Dental","2023-03-01",2023,3,"2023-03",47147,10313,5893,13260,7367,0,2947,0,1473,4420,1473,125737,74910,24970,2829,943,8415,943,1414,1414,1886,1414,471,4243,471,471,943,-78590,"-1.6669","2.1185","0.0800",58148,36633,13374,4652,4652,"37.0",251,80,13,32,42432,26490,"0.5619",72,64,8,61,0,61,"0.8600","772.90",4,704,280,"0.3974",5893,5157,4420,11050,9577,0,11050,29,22,19,"0.7586","0.8636","18.13","5.00",-99247,"0.5692","0.4150","0.0818","-0.1033"
"FIN-LOC004-202304","LOC004","North Portland Family Dental","2023-04-01",2023,4,"2023-04",50454,19352,6912,7603,5529,1382,3456,0,2073,2073,2073,118856,68071,22690,3027,1009,8415,1009,2523,3532,1514,1514,505,3532,505,505,505,-68402,"-1.3557","1.7989","0.0800",70636,44501,16246,6357,4945,"42.0",269,86,13,26,45409,23007,"0.4560",78,73,5,58,0,58,"0.8100","869.90",4,704,179,"0.2540",6220,15205,4147,7603,8985,0,8294,28,21,19,"0.7500","0.9048","19.41","2.14",-95849,"0.0701","2.5964","-0.1296","-0.2762"
"FIN-LOC004-202305","LOC004","North Portland Family Dental","2023-05-01",2023,5,"2023-05",52191,15740,7456,4971,5799,3314,4142,0,2485,6627,1657,124453,71570,23857,3131,522,8670,1566,2088,2610,1566,1566,522,5219,522,522,522,-72262,"-1.3846","1.8284","0.0700",53931,32898,10786,4314,3236,"31.0",278,100,6,35,46972,35791,"0.6858",77,63,14,54,0,54,"0.8700","966.50",4,704,321,"0.4562",3314,17397,10770,2485,1657,0,16569,22,17,13,"0.7727","0.7647","20.07","3.00",-88662,"0.0344","0.4209","0.0564","-0.1080"
"FIN-LOC004-202306","LOC004","North Portland Family Dental","2023-06-01",2023,6,"2023-06",53072,16390,12488,4683,5463,1561,3902,0,3122,3902,1561,122878,71454,23818,2654,531,8500,1061,2654,2123,1592,1592,531,3184,1592,531,1061,-69806,"-1.3153","1.7951","0.0600",58379,37363,14011,6422,3503,"33.0",283,99,8,30,47765,33252,"0.6265",77,68,9,59,0,59,"0.8400","899.53",4,704,291,"0.4135",10927,11707,5463,9366,0,0,15609,22,17,15,"0.7727","0.8824","20.41","3.75",-89626,"0.0169","2.5516","-0.0340","-0.2642"
"FIN-LOC004-202307","LOC004","North Portland Family Dental","2023-07-01",2023,7,"2023-07",34984,10323,7456,8029,1721,0,2868,0,574,2294,1721,110047,66911,22304,2449,350,8585,700,1050,1399,1050,1050,350,2099,700,350,700,-75063,"-2.1456","2.5502","0.0800",48978,28407,10285,4408,4408,"42.0",187,62,4,28,31486,18849,"0.5388",70,61,9,44,0,44,"0.8600","795.09",4,704,239,"0.3392",6882,2868,7456,7456,3441,0,6882,18,11,8,"0.6111","0.7273","13.46","3.75",-91198,"-0.3408","0.2230","0.0753","-0.0538"
"FIN-LOC004-202308","LOC004","North Portland Family Dental","2023-08-01",2023,8,"2023-08",65787,17438,12682,14267,5548,0,6341,0,3963,3170,2378,131574,74543,24848,5263,1316,8500,658,2631,2631,2631,1974,658,3947,658,658,658,-65787,"-1.0000","1.5108","0.1000",96488,58858,23157,7719,6754,"44.0",351,126,18,30,59208,35696,"0.5426",92,83,9,74,0,74,"0.8800","889.01",4,704,183,"0.2593",6341,13474,6341,3170,19815,0,16645,27,21,15,"0.7778","0.7143","25.30","3.75",-95878,"0.8805","0.4773","-0.1236","-0.2018"
"FIN-LOC004-202309","LOC004","North Portland Family Dental","2023-09-01",2023,9,"2023-09",39101,16588,7109,4740,1777,592,2370,0,1185,2962,1777,112178,67074,22358,1955,782,8670,782,1564,1955,1564,1173,391,2346,391,391,782,-73077,"-1.8689","2.2872","0.0700",50831,33040,12199,4575,4575,"39.0",209,75,8,39,35191,22569,"0.5772",89,66,23,39,0,39,"0.8700","1002.59",4,704,231,"0.3284",10664,1185,8294,4147,2962,0,11849,19,14,12,"0.7368","0.8571","15.04","3.00",-89609,"-0.4056","-0.1297","0.1108","0.0168"
"FIN-LOC004-202310","LOC004","North Portland Family Dental","2023-10-01",2023,10,"2023-10",64700,20668,11682,8088,6290,2696,5392,0,4493,3594,1797,128796,71846,23949,4529,647,8415,647,2588,3235,1941,1294,647,5823,1294,647,1294,-64096,"-0.9907","1.4806","0.0800",71170,42702,17081,6405,4270,"33.0",345,117,10,37,58230,43573,"0.6735",88,72,16,65,0,65,"0.8200","995.38",4,704,274,"0.3888",7189,11682,5392,7189,6290,0,26958,28,17,15,"0.6071","0.8824","24.88","3.00",-85223,"0.6547","-0.0410","-0.1229","0.0358"
"FIN-LOC004-202311","LOC004","North Portland Family Dental","2023-11-01",2023,11,"2023-11",90929,30601,7869,18361,9617,1749,8743,0,6120,6120,1749,133162,66901,22300,6365,909,8500,909,3637,4546,2728,2728,909,9093,909,909,1819,-42233,"-0.4645","0.9810","0.0800",124270,73319,28582,12427,7456,"41.0",485,189,15,31,81836,40691,"0.4475",123,104,19,92,0,92,"0.8300","988.36",4,704,132,"0.1879",4372,18361,13989,6120,14863,0,33224,34,25,20,"0.7353","0.8000","34.97","3.00",-92471,"0.4054","1.9676","-0.3411","-0.4660"
"FIN-LOC004-202312","LOC004","North Portland Family Dental","2023-12-01",2023,12,"2023-12",31088,10363,5613,6477,4318,432,432,0,0,1727,1727,109297,67308,22436,2176,311,8670,622,1244,1244,622,933,311,2176,311,311,622,-78209,"-2.5157","2.8868","0.0800",41451,25700,9119,3731,2902,"40.0",166,53,8,36,27979,19424,"0.6248",81,72,9,55,0,55,"0.8200","565.24",4,704,227,"0.3224",4750,2591,4318,6477,1295,0,11658,24,19,16,"0.7917","0.8421","11.96","3.75",-89873,"-0.6581","-0.1038","0.8518","-0.0928"
"FIN-LOC004-202401","LOC004","North Portland Family Dental","2024-01-01",2024,1,"2024-01",83076,24923,11077,12923,5538,3692,3692,0,7385,8308,5538,130810,68118,22706,5815,831,8415,1662,3323,3323,1662,3323,831,6646,1662,831,1662,-47734,"-0.5746","1.0933","0.0800",124614,71030,26169,11215,12461,"45.0",443,155,13,38,74768,48184,"0.5800",108,90,18,82,0,82,"0.8200","1013.12",4,704,207,"0.2944",8308,10154,8308,14769,9231,0,32307,34,26,20,"0.7647","0.7692","31.95","3.75",-82626,"1.6723","3.4609","-0.3897","-0.4635"
"FIN-LOC004-202402","LOC004","North Portland Family Dental","2024-02-01",2024,2,"2024-02",93166,22329,15399,20789,10010,1540,7700,0,4620,5390,5390,128731,65716,21905,5590,932,8500,932,2795,3727,3727,1863,932,6522,1863,932,2795,-35565,"-0.3817","0.9405","0.0700",102483,61490,25621,10248,6149,"33.0",497,159,20,25,83849,44797,"0.4808",126,121,5,101,0,101,"0.8200","922.44",4,704,207,"0.2933",21559,10010,14629,6160,12319,0,28489,48,30,22,"0.6250","0.7333","35.83","3.75",-83934,"0.1215","2.1009","-0.2549","-0.5105"
"FIN-LOC004-202403","LOC004","North Portland Family Dental","2024-03-01",2024,3,"2024-03",50256,12732,8711,11391,4691,0,5361,0,1340,2010,4020,120540,69955,23318,3015,503,8670,1005,2010,1508,1508,1508,503,5026,1005,503,503,-70284,"-1.3985","1.8560","0.0700",68683,40523,16484,6181,6181,"41.0",268,99,13,25,45230,29361,"0.5842",87,75,12,69,0,69,"0.7900","728.35",4,704,283,"0.4027",13402,5361,8041,6701,3350,0,13402,24,17,15,"0.7083","0.8824","19.33","5.00",-91179,"-0.4606","0.0659","0.9762","-0.1057"
"FIN-LOC004-202404","LOC004","North Portland Family Dental","2024-04-01",2024,4,"2024-04",56009,19550,6869,10568,7926,1057,3170,0,0,4227,2642,125918,71809,23936,3921,560,8330,560,2240,3361,1680,1120,560,5041,1120,560,1120,-69909,"-1.2482","1.7095","0.0800",70945,39020,17027,7095,5676,"38.0",299,117,12,32,50408,26970,"0.4815",130,106,24,90,0,90,"0.8600","622.32",4,704,90,"0.1281",4755,11625,8454,6869,5812,0,18494,44,27,22,"0.6136","0.8148","21.54","2.50",-98948,"0.1145","0.1101","-0.0053","0.0220"
"FIN-LOC004-202405","LOC004","North Portland Family Dental","2024-05-01",2024,5,"2024-05",79811,21099,12843,12843,6422,1835,6422,0,4587,10091,3669,137492,71071,23690,6385,1596,8415,2394,3192,3192,1596,3192,798,7183,1596,798,2394,-57681,"-0.7227","1.1873","0.1000",82471,47833,16494,8247,5773,"31.0",426,162,17,37,71830,42453,"0.5319",91,87,4,78,0,78,"0.8000","1023.22",4,704,161,"0.2288",11008,12843,3669,13761,12843,0,25686,27,19,17,"0.7037","0.8947","30.70","3.75",-95039,"0.4250","0.5292","-0.1749","-0.2018"
"FIN-LOC004-202406","LOC004","North Portland Family Dental","2024-06-01",2024,6,"2024-06",107884,26267,18762,15948,8443,2814,12196,0,5629,15010,2814,141233,67118,22373,8631,1079,8585,3237,5394,3237,3237,2158,1079,9710,3237,1079,1079,-33349,"-0.3091","0.8295","0.0900",118672,71203,28481,13054,5934,"33.0",575,178,12,30,97096,50231,"0.4656",133,115,18,91,0,91,"0.8200","1185.54",4,704,197,"0.2792",14072,18762,11257,9381,26267,0,28144,32,22,18,"0.6875","0.8182","41.49","5.00",-91002,"0.3517","1.0328","-0.4218","-0.5223"
"FIN-LOC004-202407","LOC004","North Portland Family Dental","2024-07-01",2024,7,"2024-07",98770,35916,13877,13877,7347,1633,10612,0,4898,8163,2449,141413,71534,23845,4939,1975,8500,988,3951,4939,2963,3951,988,8889,1975,988,988,-42643,"-0.4317","0.9657","0.0700",108647,66275,26075,9778,6519,"33.0",527,169,16,25,88893,56413,"0.5712",140,121,19,98,0,98,"0.7600","1007.86",4,704,169,"0.2404",14693,9795,17958,5714,13877,0,36733,34,24,18,"0.7059","0.7500","37.99","3.00",-85000,"-0.0845","1.8233","0.2787","-0.4319"
"FIN-LOC004-202408","LOC004","North Portland Family Dental","2024-08-01",2024,8,"2024-08",82729,20527,15551,16795,10574,2488,5598,0,1244,8086,1866,139769,73760,24587,5791,1655,8330,1655,2482,5791,2482,2482,827,5791,2482,827,827,-57040,"-0.6895","1.1888","0.0900",99275,61551,20848,10920,4964,"36.0",441,141,13,34,74456,41211,"0.4981",147,133,14,125,0,125,"0.7800","661.83",4,704,143,"0.2026",14929,13062,3110,4976,11196,0,35455,51,34,30,"0.6667","0.8824","31.82","2.14",-98558,"-0.1624","0.2575","0.3376","-0.1330"
"FIN-LOC004-202409","LOC004","North Portland Family Dental","2024-09-01",2024,9,"2024-09",82496,21172,10951,14601,9491,7301,7301,0,2920,5110,3650,130428,64712,21571,5775,825,8670,1650,4125,4950,3300,2475,825,6600,2475,825,1650,-47932,"-0.5810","1.0459","0.0800",85246,51148,19607,9377,4262,"31.0",440,145,22,33,74246,37570,"0.4554",138,113,25,86,0,86,"0.8800","959.26",4,704,186,"0.2646",19711,9491,9491,10951,11681,0,21172,38,23,20,"0.6053","0.8696","31.73","2.50",-92858,"-0.0028","1.1098","-0.1597","-0.3441"
"FIN-LOC004-202410","LOC004","North Portland Family Dental","2024-10-01",2024,10,"2024-10",76794,19355,19979,14984,4370,3122,3122,0,3746,4370,3746,138908,73678,24559,5376,1536,8415,2304,2304,3840,2304,3072,768,6144,2304,768,1536,-62114,"-0.8088","1.2792","0.0900",112631,73210,22526,13516,9010,"44.0",410,152,16,28,69115,30319,"0.3948",141,123,18,106,0,106,"0.7500","724.47",4,704,136,"0.1937",11238,11238,11238,12487,8741,0,21852,50,32,23,"0.6400","0.7188","29.54","3.00",-108589,"-0.0691","0.1869","0.2959","-0.0309"
"FIN-LOC004-202411","LOC004","North Portland Family Dental","2024-11-01",2024,11,"2024-11",78859,23366,18254,9492,8032,1460,5841,0,4381,4381,3651,124659,64580,21527,4732,789,8585,1577,3943,2366,1577,3154,789,7097,1577,789,1577,-45800,"-0.5808","1.0919","0.0700",110403,71762,26497,12144,8832,"42.0",421,143,8,37,70973,55563,"0.7046",133,108,25,85,0,85,"0.9000","927.75",4,704,216,"0.3062",5841,7302,7302,6572,10222,0,41620,31,25,21,"0.8065","0.8400","30.33","5.00",-69096,"0.0269","-0.1327","-0.2626","0.0845"
"FIN-LOC004-202412","LOC004","North Portland Family Dental","2024-12-01",2024,12,"2024-12",103855,38595,18947,13333,7719,2807,9824,0,4210,7017,1403,140475,67951,22650,5193,1039,8330,2077,4154,6231,4154,3116,1039,9347,1039,1039,3116,-36620,"-0.3526","0.8724","0.0600",110779,63144,23264,8862,8862,"32.0",554,188,28,34,93470,48770,"0.4696",162,148,14,131,0,131,"0.7700","792.79",4,704,102,"0.1444",14034,16841,14736,18947,7719,0,31578,54,43,32,"0.7963","0.7442","39.94","2.50",-91705,"0.3170","2.3407","-0.2004","-0.5318"
"FIN-LOC004-202501","LOC004","North Portland Family Dental","2025-01-01",2025,1,"2025-01",143696,47899,27236,15966,14088,3757,14088,0,11270,9392,0,151666,68639,22880,10059,1437,8415,2874,5748,5748,4311,4311,1437,10059,2874,1437,1437,-7970,"-0.0555","0.6369","0.0800",148486,92061,32667,13364,8909,"31.0",766,276,23,32,129326,65870,"0.4584",178,153,25,125,0,125,"0.8800","1149.57",4,704,152,"0.2164",36628,21601,14088,11270,10331,0,49777,58,41,32,"0.7069","0.7805","55.27","3.75",-85796,"0.3836","0.7297","-0.7824","-0.8330"
"FIN-LOC004-202502","LOC004","North Portland Family Dental","2025-02-01",2025,2,"2025-02",122698,39326,17304,19663,10225,1573,16517,0,3933,11798,2360,140540,63013,21004,8589,1227,8670,3681,4908,3681,3681,3681,1227,12270,2454,1227,1227,-17842,"-0.1454","0.6847","0.0800",163597,99794,40899,13088,11452,"40.0",654,196,26,39,110428,76126,"0.6204",174,156,18,125,0,125,"0.7700","981.58",4,704,117,"0.1661",16517,19663,8652,3146,20450,0,54270,48,29,23,"0.6042","0.7931","47.19","5.00",-64414,"-0.1461","0.3170","1.2386","-0.4983"
"FIN-LOC004-202503","LOC004","North Portland Family Dental","2025-03-01",2025,3,"2025-03",141696,45190,28339,22978,7659,2298,13021,0,8425,8425,5361,152743,69923,23308,8502,1417,8500,1417,5668,7085,4251,2834,1417,11336,2834,1417,2834,-11047,"-0.0780","0.6580","0.0700",188928,120914,45343,20782,11336,"40.0",756,280,23,33,127526,60003,"0.4235",204,185,19,157,0,157,"0.8800","902.52",4,704,116,"0.1650",16850,18382,16850,13787,28339,0,47487,66,51,45,"0.7727","0.8824","54.50","3.00",-92740,"0.1548","1.8195","-0.3808","-0.8428"
"FIN-LOC004-202504","LOC004","North Portland Family Dental","2025-04-01",2025,4,"2025-04",252038,29034,47414,57935,19392,21443,26104,13452,19179,13185,4901,112991,2693,898,17643,2520,8585,5041,10082,15122,7561,7561,2520,17643,5041,2520,7561,139047,"0.5517","0.0142","0.0800",336051,188189,73931,30245,26884,"40.0",1344,430,54,38,226834,234395,"0.9300",0,0,0,0,0,0,"0.7600","Infinity",4,704,556,"0.7900",71566,43951,28004,26189,18669,11279,52378,0,0,0,"NaN","NaN","96.94","2.50",121404,"0.7787","3.5000","-13.5869","-2.9890"
